3262 5254
484 452 1001 545 ,Φιλοκράτης--Φιλόξενος

122 631 207 682 ἰκτῖδας
229 633 279 682 illis
301 633 362 698 ipsis
390 631 528 697 elegantiis,
553 649 615 697 quas
637 633 670 682 ab
695 649 725 682 eo
768 633 826 682 dam
845 633 948 682 Troiam
968 622 1059 682 auxilio
1079 638 1142 683 esset
1161 622 1267 698 eumque
1283 621 1367 684 secum

123 711 215 759 scilicet
225 711 353 771 didicerat,
364 709 533 774 1326ss¹38r
553 711 625 759 Idem
637 711 727 760 sabulis
769 709 933 759 sustulerunt'
1357 764 1360 770 ,

123 786 206 836 illudit
218 788 342 852 panadae,
357 787 397 837 cui
409 803 487 851 panes
498 802 589 836 venum
601 788 727 851 expositos
817 788 935 850 Aeschyli
947 787 1075 852 Euripidis
1083 788 1215 853 Sophoclis
1226 790 1366 853 tragoedias

124 863 256 925 deiecerat,
277 867 444 929 1388-1414‚
466 872 491 914 et
510 865 552 914 alii
571 864 668 914 homini
684 865 727 928 qui
768 866 928 929 cognomines
945 866 1009 915 inter
1026 882 1053 915 se
1067 874 1194 930 comparat
1214 867 1264 915 Dio
1276 868 1365 931 Chrys.

124 940 268 991 iniuriarum
277 959 334 992 eum
340 942 457 1007 postulat,
467 956 634 1003 1415-1441,
646 942 727 990 donec
768 949 830 991 orat.
852 953 890 1003 52,
910 942 977 992 adde
994 943 1106 992 eiusdem
1123 944 1286 1007 paraphrasin
1304 952 1366 994 orat.

123 1033 139 1066 a
150 1018 203 1067 filio
214 1035 293 1085 usque
303 1022 374 1069 irriso
384 1020 498 1069 sublimis
509 1020 613 1068 domum
624 1021 725 1082 rapitur,
770 1031 807 1084 59,
818 1020 917 1068 Nauck.
922 1020 1021 1083 fragm.
1034 1027 1097 1083 trag.
1112 1037 1136 1084 p.
1151 1023 1196 1082 481
1208 1036 1276 1085 seqq.
1300 1023 1367 1070 Ean-

126 1110 296 1161 1442-1449,
331 1098 372 1146 Ibi
382 1104 436 1146 tota
446 1094 523 1146 nodie
534 1097 607 1146 saltat
622 1096 727 1160 tragicas
769 1097 827 1145 dem
844 1097 954 1146 fabulam
970 1096 1138 1148 tradtaverunt
1156 1099 1279 1161 Achaeus,
1295 1100 1367 1148 Anti-

124 1172 228 1223 choreas
245 1175 387 1239 Thespidis‚
405 1182 430 1223 et
441 1175 525 1239 prodit
538 1190 628 1224 canens
644 1181 667 1224 et
680 1174 727 1223 sal·
769 1173 827 1237 pho,
845 1175 977 1232 Philocles,
990 1174 1148 1225 Theodedles

124 1258 179 1300 tans
186 1253 265 1312 ;inde
276 1254 308 1301 ad
320 1260 445 1302 certamen
456 1259 576 1317 provocat
584 1267 671 1310 novoS,
684 1253 727 1315 qui
757 1255 764 1273 ·
818 1249 967 1313 Φιλάξονοςι
988 1253 1184 1313 Philoxenus,
1206 1254 1321 1317 Eryxidis
1339 1254 1367 1302 fi·

124 1334 203 1396 inepti
225 1334 341 1383 videntur
361 1334 417 1398 ipsi,
443 1333 564 1396 tragicos:
592 1332 727 1381 adveniunt
768 1327 823 1388 lius,
837 1336 939 1393 propter
954 1330 1040 1379 foedas
1051 1331 1166 1380 libidines
1177 1331 1243 1381 male
1259 1333 1369 1393 audivit3

126 1410 228 1459 Carcini
239 1411 284 1460 filii
295 1408 417 1460 immundi
429 1418 478 1460 tres
489 1411 609 1473 χορευταί,
622 1425 684 1474 quos
696 1411 728 1457 ir·
768 1405 826 1454 vide
837 1422 900 1470 quae
911 1423 942 1455 ex
953 1408 1085 1457 Aeschinis
1096 1408 1203 1471 dialogo,
1218 1409 1261 1473 qni
1273 1409 1367 1459 Callias

123 1487 176 1535 risit
185 1487 300 1536 saltando
309 1504 364 1536 cnm
376 1488 436 1551 ipsis
448 1494 551 1545 certans,
567 1497 727 1548 1474-1534
769 1483 900 1548 inscriptus
912 1484 964 1543 init,
976 1484 1121 1534 Athenaeus
1132 1497 1150 1532 v
1161 1501 1187 1549 p.
1199 1498 1270 1534 anon
1282 1487 1368 1536 afferte

174 1561 356 1629 Φιλοκράτηςι
374 1565 438 1611 δεινὰ
455 1564 487 1611 νὼ
503 1564 615 1626 δέδρακεν
626 1563 668 1611 ούκ
679 1565 727 1611 τῶν
768 1563 837 1625 λέγει
847 1564 896 1624 γάρ
907 1563 937 1612 ὡς
948 1563 962 1613 δ
975 1562 1138 1626 Ἀναξαγόρας
1154 1564 1313 1623 Φιλόξενον
1325 1567 1367 1613 τδν

124 1638 211 1702 ὀρνέων
223 1640 265 1703 (sc.
281 1641 313 1704 of
321 1642 361 1688 tte
372 1640 541 1701 bird-merkel)
559 1640 573 1688 ὁ
590 1642 727 1689 πινακοπώ-
760 1638 885 1701 luparum
902 1642 943 1690 καί
955 1640 1103 1703 Ἀριφράδην
1120 1642 1239 1702 (μαθητάς
1251 1643 1366 1691 άπετέλε·

124 1720 169 1776 λης
179 1719 365 1781 Φιλοκράτης
375 1720 537 1780 μελαγχολῶν
546 1718 726 1779 Av.14(Phol.
768 1717 828 1777 σευ),
842 1719 918 1767 θέλων
929 1719 978 1768 ἀπὸ
989 1720 1032 1778 τῆς
1048 1721 1096 1767 τιῖν
1106 1721 1262 1779 δηλωθέντων
1274 1723 1366 1782 μοχθη.

125 1798 349 1856 πινακοπώληνι
362 1798 533 1858 ὀρνιθοπιύλην·
545 1797 670 1846 τίλλοντες
677 1797 728 1859 γάρ
767 1796 819 1855 ρίας
836 1798 875 1844 καί
893 1798 947 1859 περί
964 1798 997 1845 τά
1014 1798 1098 1858 φαῦλα
1114 1797 1220 1858 λιχνείας
1237 1800 1366 1859 ἐμφανίσαι

125 1875 188 1922 αύτὰ
211 1875 252 1923 ert
274 1876 371 1924 πίνακος
397 1876 507 1923 ἐτίθεσαν
535 1874 556 1922 οί
583 1876 726 1934 πωλοῦντες,
768 1873 813 1932 τὴν
829 1871 879 1921 τιῖν
894 1874 1072 1923 παιδευσάντων
1090 1876 1253 1924 διδασκαλίαν.
1288 1876 1366 1925 Gulo-

126 1951 222 2000 Polluc.
241 1963 284 1999 vn
307 1951 375 2015 197);
400 1951 430 2011 ἦν
452 1952 583 2012 άποκτείνη
605 1967 641 2000 τις
664 1951 727 2008 ὑμῶν
768 1951 866 1999 sitatem
878 1951 930 1999 eius
941 1951 1063 2014 insignem
1074 1951 1148 2001 fuisse
1159 1952 1232 2001 docet
1240 1952 1367 2018 Theophi-

124 2029 294 2092 Φιλοκράτη
310 2031 352 2078 τὸν
370 2030 500 2092 Στρούθιον
515 2029 622 2090 λήψεται
637 2029 727 2076 τάλανι
767 2026 806 2076 lus
824 2028 892 2091 apud
912 2029 1071 2078 Athenaeum
1092 2042 1101 2078 1
1119 2045 1144 2093 p.
1161 2027 1200 2077 61³
1219 2032 1264 2091 ούχ
1283 2032 1366 2095 ὥσπερ

124 2124 173 2166 τον,
188 2109 218 2166 ἦν
229 2109 255 2155 δὲ
266 2108 311 2166 ζων
327 2124 363 2156 τις
380 2107 472 2169 ἀγάγῃ,
484 2107 590 2167 τέτταρα
603 2106 636 2154 ib.
654 2117 723 2168 1077,
768 2106 927 2165 Φιλόξενον
945 2108 987 2155 τὸν
1006 2106 1133 2169 Ἐρύξιδος·
1157 2107 1242 2156 ἐκεῖνος
1257 2109 1314 2170 γάρ,
1336 2110 1367 2160 ὡς

124 2183 236 2233 edidlum
248 2192 285 2233 est
301 2186 384 2234 avium
401 2201 465 2249 quae
481 2185 531 2233 iam
547 2187 573 2232 in
591 2184 726 2248 rempubli-
769 2185 850 2245 ἔοικεν,
864 2184 1054 2244 ἐπιμεμφόμενος
1070 2185 1115 2244 τὴν
1125 2186 1198 2244 φύσιν
1208 2187 1240 2234 είς
1251 2187 1295 2244 τὴν
1306 2188 1365 2236 dard·

125 2278 180 2311 cam
193 2262 351 2311 coaluerunt:
363 2263 420 2311 vide
431 2278 450 2313 s.
460 2278 485 2311 n.
499 2260 631 2326 Διαγόρας
643 2278 667 2324 p.
678 2263 726 2322 804
767 2263 855 2308 λαυσιν
876 2261 965 2320 ηὔξατό
985 2279 1045 2309 ποτε
1063 2259 1166 2322 γεράνου
1185 2263 1230 2320 τὴν
1247 2260 1367 2325 φάραγγα

175 2335 363 2404 Φιλοκτήμωντ
388 2340 453 2387 ὅπως
475 2337 496 2386 δ’
520 2339 560 2385 ἐπί
584 2339 677 2384 δεῖπνον
695 2339 727 2386 είς
768 2340 847 2398 σχεῖν·
866 2339 932 2387 ἀλλὰ
943 2340 1007 2386 πολύ
1017 2340 1112 2396 μᾶλλον
1124 2340 1199 2386 ἵππον
1209 2341 1367 2403 θλωςδβοθν

123 2417 345 2475 Φιλοκτήμονος
357 2418 409 2475 ίμεν
420 2415 496 2478 Vesp.
510 2426 573 2475 1250
584 2412 636 2475 (ubi
647 2414 724 2462 schol.
768 2412 903 2473 ἢκάμηλον
918 2417 934 2474 η
952 2416 1075 2476 ἐλέφαντα
1091 2416 1127 2463 δεῖ
1143 2414 1284 2473 σπουδάζειν
1298 2420 1366 2478 γενέ-

127 2491 350 2543 άσωτοςοδτοςκοί
363 2492 468 2550 συνεχῶς
480 2489 574 2552 (δεῖπνα
586 2489 668 2547 ἐποίει)
768 2493 833 2540 σθαι
861 2491 924 2539 ούτω
942 2492 990 2552 γάρ
1009 2492 1034 2539 αί
1050 2492 1225 2549 ἐπιθυμίαικαὶ
1244 2494 1268 2539 αί
1285 2493 1364 2550 ἡδοναὶ

132 2595 135 2600 ·
175 2565 358 2634 Φιλοκτήτηςι
383 2568 454 2616 ποίας
476 2566 533 2614 ποθ’
550 2566 609 2627 ἀνὴρ
628 2567 727 2616 λακίδας
767 2568 854 2628 πολλῷ
872 2569 963 2627 μείζους
983 2569 1022 2615 καί
1044 2568 1210 2630 σφοδρότεραι·
1237 2570 1295 2631 πρὸς
1316 2572 1366 2633 γὰρ

126 2649 230 2696 αἰτεῖται
249 2648 367 2701 πέπλων,·
384 2642 438 2693 ἀλλ’
455 2640 472 2703 ἣ
490 2644 676 2702 Φιλοκτήτου
694 2645 726 2693 τὰ
767 2648 811 2696 τάς
822 2645 929 2705 δυνάμεις
941 2647 1065 2694 ποιοῦνται
1076 2646 1286 2695 τάςάπολαύσειςε
1298 2649 1363 2698 conf.

125 2727 170 2774 τοῦ
180 2728 281 2786 πτωχοῦ
294 2725 375 2784 λέγεις
378 2741 390 2778 ,·
401 2722 472 2771 Ach.
487 2737 543 2783 424,
557 2722 601 2769 ubi
615 2721 726 2770 fabulam
768 2721 929 2779 Aristotelem
940 2721 1059 2769 Problem.
1072 2731 1165 2768 xxvm
1180 2730 1193 2781 7
1210 2721 1366 2781 Φιλόξενος

125 2801 225 2865 respicit
236 2800 404 2864 Euripidem,
415 2814 479 2863 quae
491 2798 532 2847 Ol.
541 2797 633 2846 lxxxvii
645 2814 654 2846 1
669 2796 727 2847 adia
767 2798 869 2861 γεράνου
885 2798 1002 2860 φάρυγγα
1018 2800 1104 2858 εὔχετο
1122 2798 1187 2858 ἔχειν
1192 2815 1200 2856 ;
1217 2799 1279 2849 Eth.
1292 2801 1360 2850 Eud.

126 2885 164 2928 est
172 2894 222 2927 una
230 2894 286 2927 cum
294 2878 387 2936 Medea,
398 2883 423 2925 et
431 2876 506 2925 tertio
513 2882 599 2924 ornata
606 2879 726 2939 praemio.
767 2890 801 2926 111
821 2891 843 2935 n,
864 2877 924 2924 Etk.
945 2877 1041 2924 Νύσαν.
1062 2886 1096 2923 111
1116 2891 1160 2924 10:
1177 2882 1304 2938 praeterea
1322 2877 1365 2927 alii

126 2956 274 3019 Euripidem
293 2961 391 3003 secutus
413 2953 532 3001 dramatis
554 2960 727 3015 argumentum
767 2959 841 3002 testes
853 2954 911 3001 satis
922 2951 1066 3015 locupletes,
1081 2957 1109 2998 nt
1121 2950 1243 2999 Plutarch
1255 2953 1363 3015 Sympos.

126 3033 258 3082 adumbrat
266 3029 503 3095 Hyginusfabnor:
518 3030 725 3090 ‘Philoctetes
767 3042 797 3078 1v
817 3048 840 3091 η,
860 3044 881 3088 2,
902 3030 932 3077 dc
948 3030 1036 3077 occulte
1050 3028 1154 3075 vivendo
1171 3042 1191 3077 c.
1216 3043 1237 3077 1.
1272 3029 1364 3079 Filium

126 3111 244 3159 Poeantis
259 3116 284 3159 et
301 3110 472 3157 Demonassae
489 3107 561 3166 filius,
575 3123 631 3156 cum
647 3110 674 3156 in
690 3108 727 3157 in·
768 3106 933 3156 Philoxeni
951 3106 1044 3169 Eryxin
1064 3111 1134 3153 notat
1151 3105 1178 3153 in
1189 3105 1254 3153 Ran.
1267 3122 1290 3154 v.
1305 3120 1362 3170 932,

125 3189 181 3238 sula
191 3188 290 3236 Lemno
301 3194 371 3245 esset,
388 3186 489 3235 coluber
500 3186 552 3234 eius
564 3186 655 3248 pedem
670 3201 727 3249 per·
766 3185 809 3233 nbi
821 3200 877 3234 cum
889 3183 1013 3247 equigallo
1025 3189 1161 3246 comparat.
1196 3182 1230 3245 (a)
1247 3183 1287 3231 De
1299 3183 1366 3232 Phi-

124 3267 209 3326 cussit,
223 3281 297 3329 quem
314 3271 455 3328 serpentem
472 3264 537 3312 Iuno
553 3263 653 3312 miserat
665 3263 727 3312 irata
766 3262 879 3311 loxeno
900 3261 1029 3325 Cytherio,
1053 3260 1267 3324 dithyramborum
1289 3268 1365 3324 poeta

125 3344 148 3393 ei
168 3343 202 3391 ob
219 3342 253 3401 id,
268 3341 326 3405 quia
341 3341 408 3390 solus
426 3347 525 3405 praeter
543 3347 637 3389 ceteros
653 3356 726 3390 ausus
767 3341 927 3390 celeberrimo
950 3339 992 3404 qui
1015 3339 1097 3388 floruit
1119 3346 1177 3403 post
1195 3354 1288 3388 annum
1307 3355 1364 3401 400,

123 3423 173 3472 suit
193 3420 310 3469 Herculis
328 3435 416 3483 pyram
437 3425 587 3478 construere,
607 3434 663 3468 cum
681 3419 726 3468 hu·
766 3419 824 3468 vide
835 3418 927 3481 Bergk.
942 3419 1033 3466 Comm.
1049 3433 1073 3480 p.
1088 3431 1131 3465 οτι
1146 3432 1215 3481 seqq.
1238 3418 1269 3465 In
1280 3417 1366 3467 multis

124 3514 228 3548 manum
239 3512 328 3560 corpus
339 3504 376 3547 est
388 3504 503 3547 exustum
514 3504 538 3546 et
550 3497 583 3545 ad
599 3496 726 3545 immorta-
765 3500 872 3544 novator
883 3496 947 3544 circa
957 3496 1078 3544 musicam
1091 3495 1166 3544 fuisse
1177 3495 1281 3544 traditur
1291 3502 1316 3544 et
1331 3497 1363 3545 ab

123 3576 221 3625 litatem
239 3575 364 3625 traditum.
402 3575 444 3624 Ob
461 3575 488 3622 id
498 3572 648 3623 beneficium
660 3574 725 3622 Her·
766 3572 934 3636 Aristophane
944 3571 993 3620 hoc
1003 3572 1104 3620 nomine
1116 3572 1286 3635 perstringitur
1296 3574 1365 3636 quod

124 3653 193 3703 cules
211 3668 267 3700 suas
285 3655 387 3715 sagittas
405 3653 502 3701 divinas
518 3655 541 3701 ei
559 3652 669 3711 donavit,
682 3652 728 3700 sed
765 3653 829 3710 μέλη
849 3650 1006 3710 εἰσηνέγκατο
1025 3650 1057 3698 είς
1075 3650 1129 3698 τούς
1145 3651 1253 3698 κυκλίους
1271 3651 1365 3710 χάρους.

124 3745 182 3780 cum
193 3728 284 3777 Achivi
294 3745 325 3777 ex
335 3728 437 3778 vulnere
447 3736 538 3778 tetrum
549 3729 652 3777 odorem
664 3728 727 3777 serre
767 3729 886 3777 Poemata
901 3727 953 3775 eius
965 3725 1073 3775 Athenis
1086 3725 1280 3775 celebratissima
1290 3726 1365 3777 fuisse

123 3823 177 3856 nou
194 3812 305 3870 possent,
319 3806 387 3855 iussu
405 3807 603 3869 Agamemnonis
619 3808 684 3869 regis
701 3805 727 3853 in
766 3807 806 3855 vel
819 3805 937 3870 parodiae
954 3803 1125 3852 demonstrant
1141 3818 1204 3866 quas
1215 3803 1363 3867 Aristopha-

124 3887 224 3934 Lemno
235 3883 360 3947 expositus
378 3892 416 3933 est
435 3899 493 3933 cum
511 3886 607 3948 sagittis
625 3883 724 3932 divinis.
765 3899 810 3932 nes
824 3882 894 3932 dedit
911 3883 963 3930 eius
978 3881 1085 3943 Cyclopir
1102 3888 1127 3930 et
1147 3881 1248 3939 δείπνου,
1260 3895 1364 3942 quarum

125 3965 210 4026 Quem
237 3962 378 4025 expositum
406 3969 494 4026 pastor
519 3965 585 4026 regis
612 3960 726 4022 Αέίοςίε,Ι
766 3960 810 4009 illa
826 3959 917 4023 legitur
936 3957 1000 4007 Plut.
1021 3972 1068 4022 290
1079 3972 1116 4022 sq.
1157 3957 1260 4005 Δεῖπνον
1280 3963 1364 4006 autem

123 4043 227 4089 nomine
245 4039 413 4103 Iphimachus,
429 4039 579 4103 Dolopionis
596 4037 668 4097 filius,
681 4054 727 4087 nu·
766 4038 875 4100 tangitur
885 4037 911 4084 in
922 4043 1032 4084 extrema
1042 4034 1127 4083 fabula
1137 4035 1363 4082 Ecclesiazmarum

124 4116 202 4165 trivit.
237 4116 335 4178 Quibus
352 4125 440 4180 postea
456 4132 603 4180 responsum
614 4122 660 4177 est,
674 4116 727 4164 sine
766 4113 914 4162 inmonstro
931 4112 975 4160 illo
991 4111 1114 4172 vocabuli,
1127 4126 1177 4174 quo
1193 4110 1273 4158 notari
1288 4110 1365 4159 verba

126 4194 245 4243 Herculis
265 4193 360 4257 sagittis
380 4195 484 4243 Troiam
503 4196 559 4258 capi
578 4208 630 4242 non
645 4207 726 4257 posse.
766 4191 811 4240 illa
829 4191 995 4239 πολυσύνθετα
1012 4188 1101 4253 quibus
1122 4187 1251 4236 Philoxeni
1265 4202 1368 4238 carmen

125 4273 200 4321 Tunc
217 4272 395 4334 Agamemnon
414 4271 517 4320 Ulixem
535 4277 560 4320 et
578 4270 728 4319 Diomedem
767 4268 878 4316 abundat
899 4268 1028 4329 ingeniose
1050 4264 1160 4331 repperit
1182 4264 1303 4327 Bergkius
1321 4265 1337 4312 l.
1345 4281 1365 4315 c.

124 4349 294 4413 exploratores
306 4348 340 4396 ad
356 4364 413 4397 eum
429 4348 505 4397 misit.
540 4347 591 4410 Qui
602 4360 728 4411 persuase-
767 4346 834 4394 Vide
857 4344 947 4393 Ritten'
968 4349 1054 4392 notam
1083 4343 1155 4392 huius
1177 4341 1235 4390 edit.
1258 4355 1283 4403 p.
1308 4338 1366 4402 643.

123 4434 182 4478 runt
193 4432 221 4476 ut
233 4426 259 4474 in
269 4426 376 4488 gratiam
387 4426 479 4476 rediret
490 4432 520 4477 et
535 4426 569 4485 ad
585 4439 727 4490 expugnari·
769 4422 859 4472 Pollux
870 4433 900 4473 1v
911 4421 941 4482 65
951 4439 958 4471 z
975 4421 1005 4471 τδ
1021 4422 1102 4481 μέντοι
1117 4416 1249 4482 σιφνιάζειν
1259 4418 1300 4468 καί
1310 4417 1368 4481 χιάε

719 4519 771 4573 (9⁴1)
