3276 5268
594 441 598 445 ’
672 419 1153 508 ‘lmine—*immam

293 614 315 648 c.
329 609 352 660 7,
369 598 472 647 Luciam
487 595 514 646 in
524 595 660 646 Macrobiis
671 612 691 646 a
705 611 745 657 τι,
763 595 891 646 Plutarch.
936 592 1108 655 architectura,
1126 594 1220 661 quippe
1234 611 1251 644 a
1268 610 1319 661 quo
1333 591 1466 660 singularis
1481 610 1542 644 oon·

292 675 385 726 Moral.
398 693 423 740 p.
437 677 483 737 785
495 687 521 725 Α.
936 674 1013 724 dendi
1024 674 1088 724 ratio
1099 677 1243 725 nominetur
1253 675 1365 736 νιιότιροτ
1382 675 1423 722 καί
1439 674 1542 722 ‘Im-

338 750 462 807 ‘Intw
490 754 539 817 Eq.
552 768 600 818 449
618 752 699 802 Cleon
717 750 842 802 obiecerat
859 751 893 800 al·
938 752 1057 811 όάμειος
1067 751 1164 815 τρόπος,
1179 752 1285 802 Aristot.
1301 752 1374 803 Polit.
1392 761 1415 812 7,
1436 764 1463 800 αι
1482 751 1496 810 ό
1512 765 1542 811 43

292 830 435 896 lantopolae
452 846 510 880 eum
527 846 580 880 esse
597 831 624 880 ἐκ
641 831 690 879 τῶν
707 830 836 892 ἀλιτηρίων
852 829 895 892 qui
937 829 1037 878 urbium
1044 829 1174 878 divisionis
1184 826 1274 877 auctor
1281 836 1327 888 est,
1338 829 1439 889 τὴντῶν
1447 829 1545 877 πόλιον

292 908 418 973 supplices
440 907 600 967 violaverant,
627 906 669 956 hic
696 907 785 957 eadem
813 906 894 971 impu·
939 908 1052 968 lantpero
1064 904 1128 970 εόρε.
1147 918 1271 955 Maranvs
1274 905 1547 970 pidologe'schebldtter

294 986 380 1036 dantia
390 988 413 1035 ei
424 986 522 1049 reponit
533 989 615 1050 ipsum
630 1001 684 1034 esse
700 992 783 1034 ortum
795 1000 810 1034 e
821 984 894 1033 satel-
938 984 1072 1034 Vratislav.
1091 985 1161 1046 1817,
1175 985 1235 1033 fasc.
1249 997 1272 1033 τ.
1290 999 1315 1048 p.
1330 984 1374 1045 178
1387 999 1442 1047 sqq.

293 1065 379 1114 litibus
394 1070 568 1126 tyrannorum
586 1064 744 1111 τόνπάπτον
758 1063 817 1113 εἶναί
832 1062 896 1123 φημί
984 1058 1186 1127 Ἰπποκλιίδηςι
1211 1061 1367 1124 Hesychius:
1386 1062 1451 1109 οὕτω
1471 1076 1544 1110 κακο-

294 1158 338 1191 σου
344 1142 393 1190 τῶν
400 1140 535 1203 δορυφόρων
541 1142 589 1188 τῶν
596 1141 711 1201 Βυρσίνης
722 1142 765 1200 τῆς
773 1141 820 1188 Ἰπ
827 1141 896 1188 πίου
938 1139 1035 1200 σχόλως
1045 1141 1074 1187 τό
1088 1141 1132 1199 τῆς
1142 1140 1256 1200 γυναικός
1266 1139 1348 1201 μόριον
1363 1136 1546 1201 ’Δριστοφάης

294 1219 337 1279 (sc.
351 1218 462 1280 γυναικός
467 1236 476 1278 ;
494 1218 631 1282 Hippiae
641 1234 704 1267 uxor
720 1224 772 1268 erat
784 1217 895 1279 Μυρσίνη
938 1219 1006 1266 εἶπεν
1016 1217 1046 1266 ir.
1060 1218 1107 1266 inc.
1120 1229 1216 1266 ccxxx

293 1296 345 1346 sive
357 1296 465 1359 Μυρρίνη
476 1295 572 1345 Calliae
589 1295 641 1345 filia
657 1294 781 1358 (Thucyd.
795 1306 824 1343 vl
847 1294 894 1355 55l·
984 1292 1183 1359 Ἱπποκράτηςε
1213 1295 1235 1342 εί
1255 1295 1335 1343 ταῦτα
1357 1294 1438 1343 πείσει
1463 1296 1546 1356 τοότιρ

286 1374 379 1423 vHuius
400 1389 493 1422 nomen
515 1373 543 1422 in
564 1374 694 1436 Βυρσίνη
714 1373 794 1423 saoete
815 1379 895 1421 mutat
939 1371 1079 1436 (τῷόικαίιρ
1098 1372 1184 1433 λόγῳ),
1204 1374 1239 1422 ait
1255 1372 1268 1421 d
1283 1373 1363 1425 άόικος
1375 1373 1450 1434 λόγος
1470 1373 1543 1423 Nub.

294 1454 426 1514 Comicus3
443 1462 471 1502 ut
488 1469 511 1503 v.
531 1466 570 1518 59,
594 1453 685 1503 Cleoni
707 1453 837 1503 coriariam
857 1467 894 1500 ar·
942 1463 1011 1508 1001,
1026 1451 1546 1516 roir'Irrrorpdrovsvlicrrttamquam

293 1539 345 1581 tem
362 1531 480 1581 ebidem.
501 1531 643 1591 BRUncx);
666 1528 765 1593 κόμοῆ
786 1529 895 1591 ἡτόρνιρ
939 1526 991 1575 όσίν
1002 1528 1119 1588 suibus)
1138 1529 1205 1587 ιίξεις
1217 1528 1258 1577 καί
1273 1544 1303 1578 σε
1320 1529 1436 1577 καλοῦσα
1448 1531 1547 1591 (voea-

292 1611 351 1671 χθὲς
372 1607 438 1672 ἤρετ’
454 1610 477 1656 εί
494 1610 539 1668 τὴν
553 1609 673 1657 Ἱππίου
691 1609 839 1665 καθίσταμαι
854 1623 894 1654 τυ·
937 1605 1022 1666 bunt)
1037 1606 1223 1668 βλιτομάμμανς
1240 1605 1328 1655 similis
1339 1606 1408 1657 iocus
1418 1607 1547 1670 Diogenis

292 1688 389 1749 ροννίόα
401 1687 478 1751 Vesp.
489 1701 548 1748 502,
557 1686 602 1734 ubi
613 1702 644 1735 ex
654 1686 773 1749 ambiguo
786 1684 880 1735 luditur
887 1701 895 1745 ;
939 1683 1064 1733 Plutarch.
1081 1695 1110 1731 ⁴11
1127 1699 1151 1747 p.
1173 1682 1253 1745 5260.
1288 1684 1403 1733 Eandem
1423 1684 1545 1749 Hippo·

293 1765 353 1825 l‘ab
365 1764 518 1828 equitatione
529 1764 639 1813 obscena
649 1764 736 1813 festive
744 1763 805 1812 dicit
816 1777 894 1812 mere·
938 1762 1032 1810 cratis
1049 1761 1170 1810 familiam
1188 1764 1269 1826 tangit
1288 1762 1315 1810 in
1337 1762 1495 1826 Thesmoph
1518 1779 1545 1812 v.

293 1841 381 1891 tricem
399 1843 550 1905 suspicatam
566 1857 621 1890 esse
639 1840 777 1890 Xanthiam
786 1838 894 1903 tyranni·
939 1849 987 1901 273
1006 1839 1049 1891 ubi
1066 1840 1237 1889 Mnesilochus
1254 1840 1287 1889 ab
1303 1840 1426 1904 Euripide
1445 1841 1547 1905 quaerit

295 1919 354 1968 dem
365 1919 445 1982 qualis
456 1925 509 1968 erat
521 1919 634 1983 Hippiae
647 1917 736 1967 moliri’
754 1919 894 1978 BRUNCK);
937 1931 982 1965 cur
991 1931 1037 1980 per
1054 1917 1122 1967 Iovis
1144 1918 1228 1966 sedem
1245 1918 1346 1967 aethera
1367 1916 1440 1966 malit
1462 1919 1547 1967 iurare

293 1997 320 2044 in
327 1996 385 2059 Lys.
397 1994 543 2045 618ch0rus
554 2003 652 2045 veretur
658 2011 689 2044 ne
699 1994 894 2044 Lacedaemonii
938 2010 1014 2058 quam
1031 2009 1077 2058 per
1097 1996 1142 2054 τὴν
1157 1995 1334 2058 Ἱπποκράτους
1356 1997 1474 2055 ξυνοικίαν
1496 1996 1545 2045 ie.

294 2074 400 2137 quidam
416 2073 481 2122 clam
501 2073 662 2122 convenerint
684 2073 799 2123 mulieres
816 2073 894 2122 Athe·
938 2070 1119 2132 aediculam,
1144 2071 1188 2120 ubi
1209 2072 1317 2123 similem
1335 2071 1426 2121 horum
1449 2080 1546 2122 sortem

293 2153 391 2200 nienses
412 2151 457 2211 τὴν
475 2150 598 2200 Ἱππίου
625 2152 750 2212 τυραννίδα
772 2151 894 2210 καταστή-
937 2147 1013 2197 fuisse
1021 2148 1131 2198 innuitur
1141 2156 1216 2212 atque
1225 2149 1439 2213 IovisEuripidei‚
1452 2150 1547 2214 quibus

293 2244 383 2287 σοντες,
397 2227 432 2277 ait
447 2227 522 2292 igitur
536 2228 696 2291 ὀσφραίνομαι
715 2228 759 2287 τῆι
775 2226 896 2276 Ἱππίου
938 2227 1025 2279 aether
1045 2234 1071 2276 et
1092 2227 1248 2277 domicilium
1270 2234 1296 2277 et
1316 2228 1432 2290 βόσκημα
1460 2229 1546 2279 suerit.

293 2306 444 2368 τυραννίδος;
472 2306 530 2368 Lys.
561 2316 624 2366 1150
640 2320 695 2368 sqq.
722 2307 764 2354 οὐκ
786 2303 837 2354 ίσθ’
859 2304 896 2354 όθΙ
940 2305 1155 2369 Hippocrates
1173 2314 1257 2355 antem
1274 2306 1339 2356 filius
1355 2308 1401 2356 fuit
1419 2308 1546 2372 Ariphro·
1634 2348 1635 2383 ;

295 2384 388 2443 όμᾶςοί
404 2383 515 2433 Λάκωνες
525 2382 665 2433 κατωνάκας
676 2385 788 2444 (vestes
805 2383 894 2432 servi·
939 2383 977 2432 nis
997 2383 1118 2446 (Thucyd
1132 2395 1162 2432 lv
1173 2382 1359 2448 66);Artp1110
1376 2401 1454 2449 porro
1472 2386 1546 2435 Xan·

293 2460 348 2523 les)
361 2461 492 2523 φοροῦντας
504 2460 614 2510 ἐλθόντες
625 2462 675 2523 δορί
687 2461 818 2510 ἀπώλεσαν
834 2465 895 2510 πολ·
939 2461 1021 2525 thippi
1032 2460 1105 2521 filius,
1116 2461 1217 2511 Periclis
1229 2469 1312 2513 autem
1320 2463 1401 2524 irater,
1412 2464 1542 2515 Plutarch.

293 2540 349 2588 loir
360 2538 467 2599 ἑταίρους
477 2537 498 2586 'I
505 2538 595 2585 ττίου
606 2538 795 2601 κίλιυθίριισαν.
830 2539 895 2589 Rem
938 2539 1016 2588 Alcib.
1027 2554 1048 2588 c.
1065 2551 1076 2589 1
1087 2554 1093 2598 ς
1110 2547 1211 2603 praetor
1216 2540 1263 2589 luit
1274 2539 1342 2590 bello
1355 2541 1544 2605 Peloponnesio

292 2625 372 2668 totam
383 2617 482 2667 uberius
495 2623 578 2666 narrat
592 2617 738 2666 Herodotus
749 2629 775 2666 V.
788 2615 894 2679 62-65.
939 2616 980 2665 Ol.
999 2616 1084 2665 lxxxix
1105 2632 1127 2677 1,
1147 2618 1313 2683 quiquidem
1335 2618 1470 2682 Megaram
1493 2636 1546 2671 urm

296 2696 434 2745 ‘Miserunt
449 2702 533 2744 autem
549 2701 609 2745 tunc
626 2695 819 2744 Lacedaemonii
836 2711 894 2745 con·
938 2708 996 2742 cum
1007 2693 1179 2747 Demosthene
1190 2696 1353 2759 oppugnavit,
1368 2696 1486 2760 Thucyd.
1504 2710 1544 2747 w.

293 2782 331 2823 tra
349 2773 524 2832 Pisistratidas,
538 2775 620 2837 primo
637 2773 740 2837 quidem
757 2773 894 2823 Anchuno·
937 2768 976 2832 66,
1001 2769 1041 2832 67.
1090 2772 1190 2821 Cecidit
1212 2773 1304 2824 deiude
1326 2775 1353 2822 in
1373 2774 1475 2824 funesto
1499 2775 1545 2825 illo

293 2852 354 2900 lium
366 2867 424 2900 cum
435 2850 540 2900 navibus
557 2849 600 2914 qui
615 2848 696 2899 vietus
708 2857 745 2900 est
763 2857 788 2900 et
807 2851 895 2914 periit;
936 2847 1005 2912 apud
1016 2848 1118 2897 Delium
1136 2848 1240 2913 proelio.
1258 2851 1316 2899 vide
1331 2851 1448 2915 Thucyd.
1468 2865 1500 2902 1v
1513 2855 1545 2918 89

293 2928 384 2980 deinde
407 2929 570 2978 Cleomenem
586 2942 670 2991 regem
688 2943 760 2976 suurn
774 2929 817 2993 qui
834 2928 894 2977 Pisi·
936 2940 990 2989 sqq.
1002 2933 1028 2975 et
1040 2941 1082 2974 ror
1093 2926 1137 2975 ubi
1154 2943 1211 2977 cum
1226 2927 1276 2979 alia
1286 2935 1341 2979 tum
1351 2929 1413 2981 haec
1424 2930 1546 2994 legrmtur
1633 2936 1634 2943 ’

292 3007 572 3057 stratidasexoedereex
582 3013 671 3055 arceet
679 3006 786 3055 Athenis
797 3004 894 3070 coegit'
937 3005 1056 3053 άτέθανον
1081 3007 1107 3055 ol
1138 3007 1249 3055 Βοιωτῶν
1273 3007 1488 3069 μέν-Ἀθηναίων
1517 3013 1544 3060 lt

295 3097 421 3133 BRUNCK.
936 3087 1012 3148 όλίγιρ
1024 3087 1141 3137 ἐλάσσους
1153 3088 1239 3149 χιλίων
1256 3089 1296 3139 καί
1306 3090 1515 3153 Ἱπποκράτης
1532 3093 1545 3141 ό

340 3158 510 3225 Ἱππόβινοςε
537 3160 718 3223 Hipponici,
742 3161 820 3224 patris
836 3162 894 3210 Cal·
936 3166 1080 3228 arpennis.
1114 3166 1188 3215 Coni.
1212 3167 1318 3218 Diodor.
1338 3168 1378 3216 xii
1398 3166 1432 3233 69
1453 3178 1479 3220 et
1503 3183 1541 3233 70,

293 3236 350 3298 liae,
364 3252 455 3286 nomen
467 3236 493 3285 in
504 3251 604 3286 sensum
615 3237 750 3289 obscenum
759 3238 892 3299 detortum,
937 3244 1089 3307 Xenophon
1100 3244 1236 3295 Memorat.
1260 3257 1303 3294 111.
1325 3259 1348 3306 5,
1368 3263 1392 3306 4,
1411 3247 1542 3300 Plutarch.

296 3316 361 3364 Ran.
375 3327 423 3377 429
935 3323 979 3370 vit.
1003 3323 1091 3371 Nicia
1111 3338 1131 3371 c.
1153 3320 1180 3372 6.
1214 3310 1293 3373 Filios
1312 3331 1397 3375 autem
1420 3325 1545 3391 Hippo·

340 3388 521 3456 Ἱππόδαμοςς
554 3389 609 3440 όό’
635 3391 821 3451 Ἱπποδάμου
849 3396 891 3456 (sa
935 3400 1545 3466 cratesreliquitnondumadultos,sedmalitia

290 3467 497 3532 ’Δρχεπτόλεμος)
510 3470 619 3532 λείβεται
638 3471 754 3529 θεώμενος
773 3472 820 3536 Eq.
838 3487 895 3535 327,
935 3478 1070 3528 etstultitia
1078 3479 1187 3528 maxime
1194 3479 1311 3543 insignes,
1318 3481 1542 3547 (Pelesippum

293 3549 337 3599 ubi
349 3547 435 3598 Schol.
448 3549 479 3596 σό
490 3549 533 3606 μὲν
544 3549 637 3608 άνάξιος
648 3547 681 3596 olv
694 3552 828 3610 σφετερίζει
840 3551 853 3599 ό
869 3552 895 3600 δὲ
936 3555 1153 3620 Demophonta
1170 3564 1195 3606 et
1213 3558 1370 3618 Periclem)
1382 3562 1426 3622 qui
1437 3562 1543 3624 quidem

295 3627 454 3676 εὐνούστατος
471 3623 503 3674 xlv
521 3624 555 3687 τῇ
573 3627 644 3674 πόλει
655 3628 828 3690 καταλείβεται
845 3629 895 3679 τοῖς
935 3649 992 3682 cum
1003 3633 1041 3682 sui
1053 3634 1112 3683 iuris
1124 3641 1204 3683 essent
1217 3632 1278 3684 saei
1290 3651 1346 3685 cum
1357 3643 1440 3687 tutore
1451 3639 1544 3689 acriter

293 3706 404 3767 δάκρυσα
426 3705 525 3764 άναξίιυς
547 3703 607 3767 όρῶν
628 3721 657 3753 σε
684 3706 718 3755 τό
736 3707 779 3765 τῆς
801 3707 895 3756 πόλεως
935 3709 1101 3773 litigaverunt,
1116 3712 1156 3761 cui
1173 3712 1261 3776 Lysias
1270 3717 1409 3765 orationem
1421 3717 1543 3780 s'uppedi·

292 3786 463 3847 καρπούμενον·
489 3781 558 3833 οὗτος
579 3784 630 3846 γὰρ
652 3786 758 3834 πλεῖστα
782 3786 895 3845 ὠφέλησε
935 3787 997 3836 tavit
1014 3803 1064 3851 qua
1075 3789 1107 3838 ab
1127 3789 1180 3838 istis
1196 3790 1326 3841 calumniis
1342 3808 1369 3841 se
1384 3792 1540 3855 defenderet,
1565 3788 1570 3793 ’
1629 3840 1631 3845 ⁴

291 3866 336 3924 τὴν
363 3862 441 3912 πόλιν.
498 3861 539 3910 De
567 3862 764 3926 Hippodamo
792 3861 894 3911 Milesio
935 3864 993 3913 vide
1013 3866 1120 3930 Dionys¹
1134 3868 1305 3920 Halicarnass.
1320 3882 1338 3918 v
1352 3887 1377 3934 p.
1395 3884 1482 3936 soon,
1496 3874 1542 3937 qui

292 3938 481 4004 Archeptolemi
492 3945 563 4001 patre
573 3937 642 3986 locus
651 3938 766 3987 classicus
778 3947 814 3988 est
826 3940 893 4002 apud
935 3958 966 3992 ex
987 3942 1035 3992 hac
1057 3952 1145 3994 contra
1167 3947 1376 4011 Hippocratis
1398 3948 1464 3998 filios
1483 3966 1542 4000 ora·

293 4016 456 4068 Aristotelem
478 4016 508 4064 dc
526 4021 574 4078 rep.
596 4026 617 4063 11
638 4015 666 4063 8:
690 4015 735 4065 ubi
755 4023 782 4064 ut
799 4019 894 4080 primus
935 4020 1003 4071 tione
1022 4021 1144 4085 insignem
1163 4026 1269 4072 servavit
1291 4024 1447 4088 particulam,
1472 4028 1543 4076 unde

291 4094 392 4143 illomm
410 4092 556 4151 celebratur,
577 4092 620 4156 qui
640 4107 697 4141 cum
715 4093 894 4156 rempublicam
934 4097 1035 4146 illorum
1057 4099 1185 4164 ingenium
1207 4101 1280 4151 facile
1302 4103 1466 4165 cognoveris:
1494 4107 1542 4166 οὐχ

293 4186 345 4218 non
362 4171 509 4233 attigissent,
529 4169 655 4219 civitatem
672 4177 755 4220 tamen
771 4170 893 4220 condidis-
935 4175 1021 4234 ίκανόν,
1044 4173 1064 4223 ὦ
1087 4179 1169 4241 ίίνόρες
1190 4178 1310 4239 δικασταί,
1330 4180 1380 4229 τοῖς
1402 4181 1543 4242 ἐπιτρόποις

293 4255 349 4297 sent
365 4264 417 4296 non
431 4248 547 4297 manibus
563 4247 608 4296 sed
625 4248 756 4298 mentibus.
795 4249 895 4297 Praeter
935 4253 982 4301 όσα
994 4253 1130 4315 πράγματα
1141 4256 1181 4304 διά
1196 4256 1242 4315 τὴν
1261 4256 1418 4318 ἐπιτροπείαν
1434 4258 1542 4319 ἔχουσιν,

292 4325 357 4373 hanc
368 4324 507 4375 liberalium
524 4326 614 4375 artium
636 4326 805 4391 honestaeque
828 4327 894 4376 vitae
936 4330 1542 4393 άλλόκαίόιασόξοντεςτὰςτῶνφίλωνοόσίαςσυ·
1629 4356 1630 4359 ’

282 4403 391 4457 ,laudem
402 4417 454 4453 non
462 4404 544 4454 minus
555 4404 692 4461 celebratur
703 4405 754 4455 eius
765 4420 857 4454 nomen
868 4405 894 4454 in
935 4409 1455 4473 κοφαυτοόνταιόπότῶνόρρανῶνπολλοί
1479 4413 1540 4475 ότορ
1629 4390 1630 4415 ¹

888 4505 942 4556 (842)
