3262 5254
646 440 1090 526 MnMedo-——Mrhrictoc

246 616 400 688 sempiterni,
413 614 493 686 quivis
503 616 598 683 patriae
608 618 722 682 proditor
733 614 761 665 M
768 617 851 666 edor·
889 615 937 664 illo
948 630 1016 664 anno
1022 614 1098 678 gestis
1108 612 1231 678 loquitur;
1249 607 1341 661 τούτων
1352 611 1379 661 δὲ
1391 604 1500 672 πραττο-
1592 638 1594 643 ,

250 717 296 749 um
314 700 408 749 amicus
424 706 460 748 est
478 705 502 747 et
514 697 595 746 socius
612 711 668 745 cnm
687 695 852 758 Medisque
892 695 970 752 μόναν
984 693 1134 754 Διαγόρας
1152 692 1165 741 ό
1183 692 1279 751 κληθεὶς
1295 692 1365 740 δθεος
1382 690 1502 751 διαβολῆς

246 793 303 827 rem
318 777 396 826 habet
412 770 455 840 qui
474 771 595 824 'Graeciae
610 789 662 821 non
680 771 759 832 favet,
777 773 801 820 εί
817 787 853 821 τις
892 775 974 834 τυχὼν
992 771 1031 822 ἐπ’
1050 771 1151 834 όσεβείρ
1173 773 1213 819 καί
1233 772 1348 833 φοβηθείς
1364 770 1408 817 τόν
1425 758 1501 827 δῆμον

247 856 446 917 ἐπικηρυκεύεται
473 853 591 914 Εὐριπίδη
619 851 729 910 Μήδοις
751 867 780 898 τε
801 849 851 897 Τ11.
893 852 983 913 ἔφυγεν
998 852 1026 900 ἐκ
1045 852 1088 910 τῆς
1103 847 1227 908 Ἀττικῆς·
1245 849 1267 897 οί
1286 845 1307 896 δ’
1322 846 1447 905 Ἀθηναῖοι
1465 845 1503 905 τῷ

252 934 298 995 387
320 934 403 995 (quem
420 930 503 979 locum
518 936 616 994 praeter
635 928 697 977 alios
720 927 852 976 illustrabit
892 923 1501 990 άνελόντιΔιαγόρανάργυρίουτάλαντονἐπεκή-

245 1012 375 1060 -Isocrates
392 1012 418 1058 in
440 1011 562 1072 Panegyr.
582 1023 607 1071 p.
638 1019 667 1069 73
690 1007 703 1065 ἕ
725 1018 787 1067 1573
813 1006 852 1052 καί
893 1010 973 1068 ρυξαν.
1008 1005 1081 1055 Coos.
1099 1005 1201 1068 Lysiam
1213 1005 1241 1051 ι’νι
1257 1001 1378 1052 Andocid.
1398 1015 1424 1064 p.
1439 1015 1495 1062 το9,

252 1088 429 1147 πολλῶνμὲνοί
440 1088 542 1149 πατέρες
553 1083 852 1145 ήμῶνμηδισμοῢθάνα·
893 1092 918 1134 et
935 1085 993 1133 vide
1011 1095 1159 1132 srxuutvm
1176 1083 1202 1130 in
1213 1083 1366 1142 Dr'ltionary
1379 1078 1414 1142 of
1424 1078 1501 1127 Greek
1570 1068 1575 1077 ’

249 1183 294 1214 τον
305 1166 470 1226 κατέγνωσαν,
484 1166 507 1212 ἐν
518 1165 544 1211 δὲ
558 1164 608 1212 τοῖς
619 1162 748 1222 συλλόγοις
766 1160 802 1209 ἔτι
813 1160 853 1207 καί
891 1162 948 1210 and
955 1163 1054 1209 Roman
1065 1160 1215 1224 Bregrephy,
1230 1175 1249 1207 s.
1257 1175 1280 1207 n.

248 1245 292 1293 νῦν
302 1245 361 1306 άράς
372 1244 500 1303 ποιοῦνται,
514 1243 569 1303 πρίν
580 1242 643 1289 άλλο
654 1257 677 1288 τι
689 1239 850 1301 χρηματίζειν,
941 1235 1043 1291 Μίδαςε
1073 1253 1165 1286 nomen
1188 1236 1259 1295 servi,
1284 1235 1361 1299 Vesp.
1384 1248 1448 1296 433:
1478 1229 1500 1281 ὥ

254 1322 278 1369 εί
285 1339 321 1371 τις
333 1322 575 1381 ἐπικηρυκεύεται
587 1320 715 1380 Πέρσαις
726 1319 774 1365 τῶν
785 1319 854 1364 πολι·
894 1315 972 1364 Μίδα
985 1318 1024 1364 καί
1035 1317 1098 1377 Φρύξ
1108 1317 1193 1378 βοήθει
1204 1316 1272 1375 δεῦρο

248 1401 310 1447 τῶν.
334 1395 854 1460 Execrationemeorum,quiMedorum
941 1388 1041 1444 Μίδαςι
1067 1391 1192 1454 Phrygum
1203 1407 1253 1449 rex,
1268 1390 1336 1439 cuius
1355 1388 1387 1438 de
1405 1387 1500 1436 divitiis

253 1485 336 1542 partes
357 1475 465 1539 amplexi
488 1482 577 1534 essent,
603 1473 636 1522 ab
663 1472 774 1521 Aristide
797 1477 854 1535 post
892 1476 953 1516 nota
964 1476 1020 1518 sunt
1032 1469 1130 1516 omnia:
1155 1468 1220 1517 cons.
1238 1468 1334 1516 Platon.
1350 1467 1447 1529 delegg.
1463 1476 1498 1513 111

254 1570 364 1619 pugnam
384 1553 546 1602 Salaminiam
559 1551 696 1600 institutam
713 1566 767 1599 esse
781 1550 854 1598 docet
893 1563 919 1610 p.
932 1545 988 1602 660,
1001 1547 1030 1594 de
1047 1548 1104 1610 Rep.
1119 1559 1153 1594 111
1165 1561 1191 1610 p.
1211 1548 1266 1605 408.
1300 1544 1340 1601 Νή
1357 1545 1412 1592 τούς
1431 1544 1500 1592 θεούς

249 1631 401 1681 ¹Plutarchus
419 1630 525 1679 Aristid.
551 1645 605 1693 cap.
632 1642 671 1678 10:
701 1630 738 1677 ἔτι
757 1625 777 1676 δ’
797 1629 855 1690 άρδς
893 1625 1028 1684 (πλουσίοις
1042 1625 1094 1684 ύμῖν
1103 1626 1170 1673 ἐστίν
1181 1621 1257 1683 εἶναι),
1270 1623 1430 1679 Μίδαιςμὲν
1447 1623 1495 1681 σύν,

255 1712 341 1760 θέσθαι
351 1710 405 1758 τούς
414 1710 481 1769 ίερεΐς
490 1709 604 1770 ἔγραψεν,
625 1709 649 1755 εί
658 1723 694 1756 τις
705 1707 855 1765 ἐπικηρυκεύ-
893 1702 923 1762 ἢν
934 1700 979 1750 ὦτ’
992 1704 1046 1751 όνου
1056 1700 1152 1763 λάβητε
1165 1701 1229 1749 Plut.
1243 1701 1291 1761 287

253 1806 327 1838 σαιτο
343 1789 455 1846 Μήδοις
476 1785 493 1845 ή
515 1787 559 1844 τήν
578 1787 717 1846 συμμαχίαν
739 1785 856 1832 ἀπολίποι
943 1778 1053 1830 Μίκκας
1078 1782 1095 1829 i.
1106 1798 1130 1845 q.
1151 1781 1231 1840 μικρά,
1261 1794 1353 1827 nomen
1375 1777 1497 1835 mulieris,

255 1862 460 1923 τῶν“Ελλήνιον);
483 1863 721 1920 όπόσαι...Μήδους
735 1863 856 1924 ἐπάγουσι
895 1858 996 1908 Thesm.
1020 1856 1067 1920 760
1086 1856 1229 1916 ταλαντάτη
1248 1857 1339 1916 Μίκκα,
1365 1857 1402 1903 τίς
1420 1856 1500 1913 ἐξεκό-

255 1944 300 2001 τῆς
316 1943 396 2001 χώρας
408 1938 481 1988 οὕνεκ’
496 1940 538 1988 ἐπί
551 1941 637 2001 βλάβη
652 1940 700 1988 Th.
719 1938 764 2001 365
783 1941 855 2002 (quos
894 1940 955 2000 ρησέ
977 1954 1022 1997 σε,·
1056 1938 1181 2001 ambigue,
1203 1937 1268 2001 quis
1289 1936 1347 1984 tibi
1365 1934 1499 1983 duellam

255 2034 339 2068 versus
366 2019 392 2065 in
421 2017 557 2080 marginem
579 2017 663 2066 reiecit
691 2016 856 2076 Meinekius);
894 2024 973 2065 tuam
984 2016 1109 2066 ademit?
1120 2013 1500 2079 et,quistedevirginavitt

254 2098 301 2146 όκα
318 2097 365 2145 τίος
380 2095 487 2153 Μήδιος
503 2097 584 2142 ἐνίκιον
600 2095 632 2154 (ot
646 2093 778 2153 Ἀσαναῖοι)
795 2093 854 2155 Lys.
944 2094 1055 2146 Μίκωνε
1082 2098 1126 2145 τὰς
1148 2093 1169 2143 δ’
1190 2093 1325 2154 Ἀμαζόνας
1347 2094 1441 2152 σκόπει,
1471 2094 1501 2142 dr

258 2187 321 2234 1253
334 2170 700 2236 (loquiturLaconumchorus3
718 2170 750 2218 de
761 2185 787 2218 re
798 2170 855 2218 vide
895 2172 998 2221 Μίκων
1013 2171 1103 2235 ἔγραψ’
1125 2172 1165 2234 ἐφ’
1184 2172 1265 2220 ίτπιον
1285 2173 1424 2232 μαχομένας
1446 2171 1499 2219 τοῖς

250 2252 361 2301 ·Isocrat.
375 2249 516 2311 Panegyric.
529 2248 541 2305 ἓ
553 2247 595 2312 90)
895 2248 1013 2311 ἀνδράσιν,
1029 2251 1087 2313 Lys.
1100 2248 1148 2314 679
1160 2266 1196 2314 sq.
1223 2247 1308 2298 Pidtor
1318 2256 1343 2297 et
1355 2250 1497 2306 statuarius,

305 2322 426 2392 Μηλιεὺς
438 2322 549 2378 κόλποςι
563 2323 752 2387 παράδοθ’ήμῖν
762 2324 856 2373 τουτονί
896 2327 1023 2376 Phanochi
1046 2327 1118 2386 filius,
1137 2327 1268 2390 Polygnoti
1287 2330 1406 2390 aequalis,
1428 2326 1499 2375 unde

256 2409 383 2469 πρώτιστα
401 2406 443 2453 τόν
467 2402 610 2464 Ἐχινοῦντα
632 2404 672 2451 καί
693 2404 734 2451 τόν
757 2403 856 2462 Μηλιᾶ
895 2405 961 2453 circa
984 2405 1025 2454 Ol.
1049 2405 1107 2453 lxxx
1129 2405 1219 2453 floruit.
1251 2405 1291 2452 Ex
1312 2405 1365 2453 eius
1394 2402 1499 2468 pidturis

257 2486 348 2534 κόλπον
364 2486 407 2532 τόν
422 2483 528 2542 όπισθεν,
543 2482 602 2543 Lys.
623 2478 684 2545 1169
697 2481 779 2542 (urbes
788 2496 856 2544 repe·
894 2482 982 2530 harum
1000 2483 1121 2532 memoria
1135 2483 1169 2531 ad
1187 2498 1233 2531 nos
1248 2482 1375 2546 pervenit:
1393 2482 1498 2547 (ripar-

252 2565 316 2613 runt
325 2560 491 2610 Athenienses
508 2559 541 2608 ad
558 2558 654 2607 sinum
671 2558 853 2617 Meliensem,
894 2568 946 2609 tem
969 2560 1079 2609 Poeciles
1101 2562 1228 2609 exornavit
1252 2561 1333 2624 pretio
1356 2558 1498 2609 condudius

254 2639 364 2705 quaein
384 2636 640 2687 Lacedaemoniorum
662 2636 776 2684 redactae
798 2637 856 2683 surit
894 2637 967 2697 (Plin.
986 2630 1073 2685 H.N.'
1091 2648 1163 2698 xxxv,
1185 2628 1300 2700 pg35).
1331 2638 1410 2686 Cuius
1426 2653 1499 2700 argu·

252 2723 406 2782 »potestatem
432 2715 465 2764 ab
496 2715 580 2777 Agide
609 2713 713 2762 Decelia
739 2709 854 2776 prosedto
894 2715 971 2763 menti
980 2712 1146 2778 haecpidtura
1157 2715 1230 2764 suerit
1239 2732 1269 2764 ex
1277 2717 1416 2778 Lystttrala
1427 2716 1499 2765 novi·

249 2796 338 2847 :hieme
350 2793 407 2842 anni
418 2790 486 2842 xix¹¹²¹
497 2807 561 2855 quac
569 2791 700 2839 subsecuta
711 2796 749 2838 est
756 2789 854 2839 cladem
896 2808 963 2841 mus:
982 2792 1014 2841 de
1025 2795 1079 2857 ipsa
1087 2790 1251 2857 pidturanihil
1260 2794 1358 2852 scimus,
1370 2796 1418 2841 nisi
1429 2794 1500 2857 quod

252 2874 281 2923 in
294 2872 379 2922 Sicilia
389 2876 525 2934 acceptam.
544 2866 666 2928 PALMER)
897 2868 922 2918 ἐν
933 2871 969 2930 τῷ
982 2864 1050 2931 μέσῳ
1061 2864 1109 2919 niv
1119 2873 1207 2932 τοίχων
1218 2871 1341 2931 Ἀθηναῖοι
1353 2871 1394 2920 καί
1405 2872 1501 2930 θησεύς

249 2994 253 3001 ,
304 2947 426 3013 Μήλιοςτ
459 2947 589 3008 Σωκράτης
611 2946 624 2994 δ
644 2946 756 3004 Μήλιος
784 2943 853 2993 Nub.
896 2946 1013 3006 Ἀμαζόσι
1029 2946 1156 3009 μάχονται,
1177 2951 1282 2998 Pausan.
1305 2963 1373 3007 lxv,
1402 2967 1425 2999 τ.
1461 2939 1498 3012 (a)

252 3032 305 3092 ‚830
325 3028 377 3087 (ubi
395 3034 479 3076 monet
498 3024 632 3075 scholiasta
647 3024 773 3073 Melium
797 3038 854 3072 eum
897 3026 1023 3075 Theseum
1045 3028 1120 3091 paulo
1141 3034 1196 3091 post
1214 3029 1294 3093 pinxit
1314 3045 1366 3092 quo
1385 3035 1500 3092 ternpore

251 3109 340 3155 uocari
350 3111 481 3169 propterea
492 3103 550 3167 quia
559 3102 661 3166 perinde
673 3110 737 3150 esset
746 3101 814 3150 άθεος
825 3116 855 3149 ac
896 3104 1019 3168 templum
1041 3104 1194 3154 exstrudtum
1217 3114 1269 3155 est:
1298 3107 1332 3169 (3)
1356 3107 1383 3154 in
1402 3107 1500 3170 templo

253 3184 379 3245 Diagoras
389 3182 506 3230 Melius.
542 3179 734 3241 SicAmyniam
748 3180 855 3243 quierat
897 3181 1075 3230 Dioscurorum
1098 3183 1203 3231 Athenis
1222 3184 1349 3247 pingendo
1373 3200 1501 3232 unacum

250 3259 366 3322 KPronapi
386 3257 450 3306 filius
469 3258 546 3320 Vesp.
573 3254 633 3317 1167
657 3272 692 3320 sq.
712 3256 772 3305 dicit
793 3257 855 3305 Selli
898 3259 1039 3323 Polygnoto
1055 3268 1190 3323 occupatus
1207 3268 1257 3309 est:
1277 3262 1350 3310 Paus.
1365 3273 1375 3310 1
1388 3262 1455 3318 xviii,
1471 3277 1498 3311 1:

251 3336 334 3385 tilium
356 3335 423 3398 quod
442 3334 485 3382 ille
513 3334 634 3396 Amynias
661 3332 764 3396 perinde
791 3341 856 3382 esset
899 3334 933 3399 (4)
947 3339 1071 3402 particeps
1083 3353 1181 3402 quoque
1190 3338 1264 3387 fuisse
1272 3340 1362 3388 dicitur
1373 3338 1496 3403 pidturae,

256 3428 353 3478 pauper
363 3427 393 3460 ao
402 3410 463 3459 Selii
474 3409 539 3459 filius
548 3410 691 3459 Aeschines.
705 3412 853 3471 BERGLERR
898 3429 948 3477 qua
959 3429 1043 3476 pugna
1055 3413 1214 3461 Marathonia
1225 3429 1240 3461 a
1253 3414 1370 3462 Panaeno
1389 3415 1415 3464 111
1427 3415 1499 3463 Poe·

256 3489 389 3538 τοδςόεοιλς
405 3488 520 3534 άπολεΐτε
536 3486 601 3547 λιμιβ
620 3487 710 3547 Μηλίῳ
722 3488 770 3535 Αν.
793 3487 854 3536 1186
898 3490 1085 3555 cileexpressa
1097 3499 1140 3539 est.
1170 3475 1244 3539 Certe
1256 3491 1288 3539 ab
1300 3491 1500 3541 Atheniensibus

251 3569 293 3629 ’(111
305 3566 463 3631 proverbium
475 3566 542 3629 apud
556 3566 666 3614 Graecos
682 3566 743 3614 abiit
763 3566 854 3616 fames
897 3577 1039 3617 accusatum
1051 3584 1103 3618 esse
1120 3576 1144 3618 et
1157 3569 1257 3632 triginta
1273 3570 1347 3618 minis
1364 3571 1500 3620 multatum

256 3645 357 3706 Melia,
370 3651 398 3693 ut
409 3644 475 3709 apud
488 3645 616 3692 Romanos
633 3644 727 3693 fames
745 3645 854 3707 Sagun·
898 3646 1047 3695 Miconem
1058 3646 1170 3710 legimus,
1183 3647 1251 3710 quod
1263 3648 1383 3696 barbaros
1396 3649 1500 3698 Graecis

251 3725 325 3783 tina,
337 3722 487 3781 Perusina,
496 3722 590 3770 Lucan.
606 3734 663 3782 1.41
681 3722 741 3780 ‘his,
752 3721 851 3782 Caesar,
897 3722 1003 3772 maiores
1018 3719 1137 3787 pinxerat.
1164 3718 1275 3773 Maxime
1293 3728 1364 3789 equis
1382 3726 1501 3775 nobilita-

253 3799 796 3862 Perusinafames,1m1tinaequelabores
814 3816 854 3849 ac·
897 3808 936 3851 tus
948 3809 991 3850 est.
1028 3802 1094 3850 Vide
1115 3801 1194 3865 Sillig.
1216 3803 1322 3865 Catalog.
1341 3804 1453 3867 Artificc.
1473 3820 1501 3869 p,

255 3880 345 3929 cedant
354 3876 385 3939 ');
406 3879 605 3939 παναγορεύεται,
627 3875 657 3937 ἣν
674 3879 802 3938 ἀποκτείνῃ
818 3895 855 3927 τις
896 3891 942 3941 275
1377 3868 1381 3876 ⁸

255 3959 321 4018 ύμιδν
331 3956 453 4017 Διαγόραν
469 3957 511 4003 τόν
528 3954 652 4015 Μήλιον,
663 3958 795 4018 λαμβάνειν
810 3954 853 4004 τά·
939 3954 1094 4022 Μιλήσιον
1107 3958 1165 4007 οίκοι
1174 3959 1223 4022 γάρ
1230 3961 1296 4008 ἐστιν
1304 3960 1357 4022 ἔριά
1364 3976 1406 4017 μοι
1417 3961 1503 4021 μιλή-

254 4040 343 4087 λαντον
350 4035 399 4083 Αυ.
408 4045 469 4094 1073
481 4034 558 4093 (unde
565 4034 694 4083 conficitur
702 4036 854 4098 Diagorae
897 4052 946 4085 σια
962 4036 1008 4084 ὑπὸ
1018 4038 1066 4084 τῶν
1076 4036 1138 4085 σέων
1148 4038 1360 4096 κατακοπτόμενα,
1376 4038 1436 4101 Lys.
1451 4050 1501 4102 729

253 4112 487 4163 condemnationem
496 4112 530 4159 ob
538 4112 655 4173 mysteria
663 4112 789 4174 divulgata
796 4121 855 4161 tunc
896 4129 945 4177 sq.;
956 4115 1035 4162 πάλαι
1046 4113 1102 4162 ποτ’
1115 4112 1179 4173 ήσαν
1191 4116 1286 4174 όλκιμοι
1295 4115 1451 4175 Μιλήσιοι,
1462 4118 1502 4167 Pl.

253 4191 329 4239 fuisse
340 4197 464 4238 recentem
477 4196 502 4237 et
519 4189 546 4236 in
562 4188 663 4236 exilium
677 4187 783 4238 eiedtum
802 4207 855 4239 esse
899 4204 968 4250 1001,
987 4203 1047 4252 1075
1063 4192 1117 4253 (ubi
1138 4191 1302 4241 Scholiastes:
1320 4198 1440 4254 παροιμία
1459 4196 1502 4243 ἐπί

253 4274 313 4315 ante
324 4265 386 4313 illud
397 4266 479 4329 ipsum
491 4273 596 4329 tempus,
612 4281 661 4329 quo
673 4266 854 4329 Aristophanes
895 4271 944 4316 τῶν
966 4271 1082 4331 πρότερον
1106 4271 1150 4328 μὲν
1178 4271 1377 4329 εὐδαιμονούντων
1403 4274 1446 4320 νῦν
1474 4275 1504 4322 δὲ

254 4343 341 4390 docuit
351 4343 416 4389 Aves
431 4342 483 4391 h.e.
500 4342 601 4407 Olymp.
621 4342 661 4391 xci
680 4357 703 4402 a,
725 4342 855 4408 firmatque
897 4347 1056 4407 ότυχούντιον.
1095 4348 1225 4411 Originem
1247 4348 1373 4412 proverbii
1396 4355 1503 4414 exponit

252 4420 305 4472 hoc
316 4418 422 4468 Diodori
433 4417 569 4469 auctoritas
580 4422 622 4469 xiii
637 4422 659 4482 8,
676 4421 720 4470 ubi
734 4422 766 4472 de
781 4424 855 4472 rebus
897 4424 979 4474 idern:
991 4427 1150 4488 Πολυκράτης
1161 4427 1175 4475 δ
1186 4427 1276 4487 Σάμιος
1288 4430 1429 4490 συγκροτῶν
1440 4431 1503 4492 πρός

849 4521 903 4574 (892)
