<?xml version="1.0" encoding="UTF-8"?>
<!DOCTYPE html PUBLIC "-//W3C//DTD XHTML 1.0 Transitional//EN"
    "http://www.w3.org/TR/xhtml1/DTD/xhtml1-transitional.dtd">
<html xmlns="http://www.w3.org/1999/xhtml" xml:lang="en" lang="en">
 <head>
  <title>
</title>
<meta http-equiv="Content-Type" content="text/html;charset=utf-8" />
  <meta name='ocr-system' content='tesseract 3.04.00' />
  <meta name='ocr-capabilities' content='ocr_page ocr_carea ocr_par ocr_line ocrx_word'/>
</head>
<body>
  <div class='ocr_page' id='page_1' title='image "./onomasticonaris00holdgoog_0156.png"; bbox 0 0 3262 5254; ppageno 0'>
   <div class='ocr_carea' id='block_1_1' title="bbox 479 400 1036 499">
    <p class='ocr_par' dir='ltr' id='par_1_1' title="bbox 479 400 1036 499">
     <span class='ocr_line' id='line_1_1' title="bbox 479 400 1036 499; baseline 0.004 -19"><span class='ocrx_word' id='word_1_1' title='bbox 479 423 483 431; x_wconf 84' lang='lat'><em>&#39;</em></span> <span class='ocrx_word' id='word_1_2' title='bbox 524 405 1009 499; x_wconf 64' lang='grc' dir='ltr'>Σπερχειὸς-Στιλβίδης</span> <span class='ocrx_word' id='word_1_3' title='bbox 1032 400 1036 408; x_wconf 48' lang='grc'>’</span> 
     </span>
    </p>
   </div>
   <div class='ocr_carea' id='block_1_2' title="bbox 132 566 1382 1743">
    <p class='ocr_par' dir='ltr' id='par_1_2' title="bbox 132 566 1382 1743">
     <span class='ocr_line' id='line_1_2' title="bbox 134 566 907 645; baseline 0 -18"><span class='ocrx_word' id='word_1_4' title='bbox 134 566 214 629; x_wconf 77' lang='grc' dir='ltr'>ποδοῖν</span> <span class='ocrx_word' id='word_1_5' title='bbox 225 567 284 643; x_wconf 79' lang='lat' dir='ltr'>Lys.</span> <span class='ocrx_word' id='word_1_6' title='bbox 301 592 360 642; x_wconf 75' lang='lat'>1305</span> <span class='ocrx_word' id='word_1_7' title='bbox 371 576 439 645; x_wconf 74' lang='lat' dir='ltr'>se&#39;qq.</span> <span class='ocrx_word' id='word_1_8' title='bbox 450 595 457 638; x_wconf 82' lang='lat'><em>3</em></span> <span class='ocrx_word' id='word_1_9' title='bbox 468 581 500 630; x_wconf 81' lang='grc' dir='ltr'>σύ</span> <span class='ocrx_word' id='word_1_10' title='bbox 510 581 554 639; x_wconf 80' lang='grc' dir='ltr'>τὴν</span> <span class='ocrx_word' id='word_1_11' title='bbox 565 580 624 639; x_wconf 73' lang='grc' dir='ltr'>ἐμὴν</span> <span class='ocrx_word' id='word_1_12' title='bbox 633 581 737 642; x_wconf 79' lang='grc' dir='ltr'>γυναῖκα</span> <span class='ocrx_word' id='word_1_13' title='bbox 781 586 809 627; x_wconf 89' lang='lat' dir='ltr'>ut</span> <span class='ocrx_word' id='word_1_14' title='bbox 821 596 844 628; x_wconf 91' lang='lat' dir='ltr'>v.</span> <span class='ocrx_word' id='word_1_15' title='bbox 862 577 907 644; x_wconf 86' lang='lat'>169</span> 
     </span>
     <span class='ocr_line' id='line_1_3' title="bbox 132 656 1310 722; baseline 0.006 -17"><span class='ocrx_word' id='word_1_16' title='bbox 132 660 230 707; x_wconf 90' lang='grc' dir='ltr'>κωλύεις</span> <span class='ocrx_word' id='word_1_17' title='bbox 241 658 292 716; x_wconf 72' lang='grc' dir='ltr'>ἐμέ,</span> <span class='ocrx_word' id='word_1_18' title='bbox 302 659 347 716; x_wconf 70' lang='grc' dir='ltr'>τὴν</span> <span class='ocrx_word' id='word_1_19' title='bbox 355 658 494 719; x_wconf 75' lang='grc' dir='ltr'>Τυνδάρειον</span> <span class='ocrx_word' id='word_1_20' title='bbox 504 656 581 718; x_wconf 82' lang='grc' dir='ltr'>παῖδ’,</span> <span class='ocrx_word' id='word_1_21' title='bbox 592 659 634 706; x_wconf 83' lang='grc' dir='ltr'>ἐπί</span> <span class='ocrx_word' id='word_1_22' title='bbox 643 658 709 706; x_wconf 83' lang='grc' dir='ltr'>Σπιί</span> <span class='ocrx_word' id='word_1_23' title='bbox 713 675 737 717; x_wconf 87' lang='grc' dir='ltr'>ρ·</span> <span class='ocrx_word' id='word_1_24' title='bbox 857 665 964 720; x_wconf 77' lang='grc' dir='ltr'>ἅνθρωπος</span> <span class='ocrx_word' id='word_1_25' title='bbox 972 667 1040 720; x_wconf 81' lang='grc' dir='ltr'>ὅρνις</span> <span class='ocrx_word' id='word_1_26' title='bbox 1048 666 1183 720; x_wconf 78' lang='grc' dir='ltr'>έσπιίθμητος</span> <span class='ocrx_word' id='word_1_27' title='bbox 1191 670 1310 722; x_wconf 74' lang='grc' dir='ltr'>πετόμενος.</span> 
     </span>
     <span class='ocr_line' id='line_1_4' title="bbox 132 734 1382 814; baseline 0.017 -35"><span class='ocrx_word' id='word_1_28' title='bbox 132 751 184 794; x_wconf 82' lang='grc' dir='ltr'>την</span> <span class='ocrx_word' id='word_1_29' title='bbox 197 736 266 794; x_wconf 82' lang='grc' dir='ltr'>όγειν</span> <span class='ocrx_word' id='word_1_30' title='bbox 277 734 326 783; x_wconf 84' lang='grc' dir='ltr'>Τίι.</span> <span class='ocrx_word' id='word_1_31' title='bbox 339 736 401 797; x_wconf 79' lang='lat'>9183</span> <span class='ocrx_word' id='word_1_32' title='bbox 417 736 536 797; x_wconf 84' lang='grc' dir='ltr'>βούλεσθε</span> <span class='ocrx_word' id='word_1_33' title='bbox 547 736 576 784; x_wconf 87' lang='grc' dir='ltr'>τό</span> <span class='ocrx_word' id='word_1_34' title='bbox 586 737 652 797; x_wconf 92' lang='grc' dir='ltr'>μέγα</span> <span class='ocrx_word' id='word_1_35' title='bbox 666 737 738 785; x_wconf 78' lang='grc' dir='ltr'>τοῦτο</span> <span class='ocrx_word' id='word_1_36' title='bbox 780 738 933 793; x_wconf 74' lang='lat' dir='ltr'>Vox-autem</span> <span class='ocrx_word' id='word_1_37' title='bbox 946 739 1051 806; x_wconf 84' lang='grc' dir='ltr'>κειρύλος</span> <span class='ocrx_word' id='word_1_38' title='bbox 1062 762 1083 794; x_wconf 91' lang='lat' dir='ltr'>v.</span> <span class='ocrx_word' id='word_1_39' title='bbox 1100 759 1147 809; x_wconf 76' lang='lat'>⁷99</span> <span class='ocrx_word' id='word_1_40' title='bbox 1164 762 1210 810; x_wconf 90' lang='lat' dir='ltr'>pro</span> <span class='ocrx_word' id='word_1_41' title='bbox 1221 763 1266 797; x_wconf 90' lang='lat' dir='ltr'>ave</span> <span class='ocrx_word' id='word_1_42' title='bbox 1277 750 1382 814; x_wconf 86' lang='lat' dir='ltr'>accipie·</span> 
     </span>
     <span class='ocr_line' id='line_1_5' title="bbox 133 812 1380 890; baseline 0.014 -33"><span class='ocrx_word' id='word_1_43' title='bbox 133 815 190 861; x_wconf 82' lang='grc' dir='ltr'>ποόκ</span> <span class='ocrx_word' id='word_1_44' title='bbox 212 814 389 871; x_wconf 81' lang='grc' dir='ltr'>Λακεδαίμονος</span> <span class='ocrx_word' id='word_1_45' title='bbox 408 814 549 875; x_wconf 86' lang='grc' dir='ltr'>Σπιίρτην</span> <span class='ocrx_word' id='word_1_46' title='bbox 567 814 641 873; x_wconf 91' lang='grc' dir='ltr'>όνομα</span> <span class='ocrx_word' id='word_1_47' title='bbox 659 816 736 862; x_wconf 76' lang='grc' dir='ltr'>κολιδ-</span> <span class='ocrx_word' id='word_1_48' title='bbox 780 821 856 869; x_wconf 89' lang='lat' dir='ltr'>batur</span> <span class='ocrx_word' id='word_1_49' title='bbox 866 837 957 885; x_wconf 83' lang='lat' dir='ltr'>nempe</span> <span class='ocrx_word' id='word_1_50' title='bbox 969 825 1064 883; x_wconf 78' lang='grc' dir='ltr'>κημύλφ</span> <span class='ocrx_word' id='word_1_51' title='bbox 1075 824 1126 871; x_wconf 89' lang='lat' dir='ltr'>sive</span> <span class='ocrx_word' id='word_1_52' title='bbox 1138 825 1247 873; x_wconf 86' lang='lat' dir='ltr'>mascula</span> <span class='ocrx_word' id='word_1_53' title='bbox 1262 812 1380 890; x_wconf 58' lang='lat' dir='ltr'>alcyone}</span> 
     </span>
     <span class='ocr_line' id='line_1_6' title="bbox 132 892 1379 968; baseline 0.014 -30"><span class='ocrx_word' id='word_1_54' title='bbox 132 908 175 949; x_wconf 90' lang='grc' dir='ltr'>μεν</span> <span class='ocrx_word' id='word_1_55' title='bbox 186 892 263 949; x_wconf 78' lang='grc' dir='ltr'>αὐτήν</span> <span class='ocrx_word' id='word_1_56' title='bbox 280 892 323 946; x_wconf 82' lang='lat' dir='ltr'>(sc.</span> <span class='ocrx_word' id='word_1_57' title='bbox 342 894 387 951; x_wconf 77' lang='grc' dir='ltr'>τὴν</span> <span class='ocrx_word' id='word_1_58' title='bbox 397 893 494 952; x_wconf 83' lang='grc' dir='ltr'>ὀρνίθων</span> <span class='ocrx_word' id='word_1_59' title='bbox 511 893 593 955; x_wconf 81' lang='grc' dir='ltr'>πόλιν)</span> <span class='ocrx_word' id='word_1_60' title='bbox 610 893 645 943; x_wconf 86' lang='lat' dir='ltr'>ait</span> <span class='ocrx_word' id='word_1_61' title='bbox 662 893 738 943; x_wconf 88' lang='lat' dir='ltr'>Euel·</span> <span class='ocrx_word' id='word_1_62' title='bbox 780 899 821 948; x_wconf 94' lang='lat' dir='ltr'>hic</span> <span class='ocrx_word' id='word_1_63' title='bbox 838 907 921 948; x_wconf 85' lang='lat' dir='ltr'>nutem</span> <span class='ocrx_word' id='word_1_64' title='bbox 938 900 1059 964; x_wconf 84' lang='lat' dir='ltr'>accipitur</span> <span class='ocrx_word' id='word_1_65' title='bbox 1070 917 1115 965; x_wconf 91' lang='lat' dir='ltr'>pro</span> <span class='ocrx_word' id='word_1_66' title='bbox 1132 909 1253 952; x_wconf 84' lang='lat' dir='ltr'>tonsore</span> <span class='ocrx_word' id='word_1_67' title='bbox 1271 921 1286 953; x_wconf 84' lang='lat' dir='ltr'>a</span> <span class='ocrx_word' id='word_1_68' title='bbox 1302 900 1379 968; x_wconf 79' lang='lat' dir='ltr'>rrelpu.¹</span> 
     </span>
     <span class='ocr_line' id='line_1_7' title="bbox 133 960 1381 1041; baseline 0.013 -24"><span class='ocrx_word' id='word_1_69' title='bbox 133 969 212 1032; x_wconf 88' lang='lat' dir='ltr'>pides,</span> <span class='ocrx_word' id='word_1_70' title='bbox 227 970 267 1017; x_wconf 91' lang='lat' dir='ltr'>cui</span> <span class='ocrx_word' id='word_1_71' title='bbox 281 960 438 1019; x_wconf 65' lang='lat' dir='ltr'>Pithetaerui</span> <span class='ocrx_word' id='word_1_72' title='bbox 782 976 874 1026; x_wconf 84' lang='lat' dir='ltr'>Sensus</span> <span class='ocrx_word' id='word_1_73' title='bbox 890 980 965 1041; x_wconf 83' lang='lat' dir='ltr'>igitur</span> <span class='ocrx_word' id='word_1_74' title='bbox 980 977 1028 1027; x_wconf 91' lang='lat' dir='ltr'>loci</span> <span class='ocrx_word' id='word_1_75' title='bbox 1044 986 1094 1037; x_wconf 92' lang='lat' dir='ltr'>est;</span> <span class='ocrx_word' id='word_1_76' title='bbox 1112 991 1188 1029; x_wconf 78' lang='grc' dir='ltr'>ΡιΤΗ.</span> <span class='ocrx_word' id='word_1_77' title='bbox 1202 981 1294 1031; x_wconf 84' lang='lat' dir='ltr'><strong>Estne</strong></span> <span class='ocrx_word' id='word_1_78' title='bbox 1310 1000 1381 1033; x_wconf 89' lang='lat' dir='ltr'>vero</span> 
     </span>
     <span class='ocr_line' id='line_1_8' title="bbox 512 1055 1381 1110; baseline 0.015 -13"><span class='ocrx_word' id='word_1_79' title='bbox 512 1055 645 1107; x_wconf 73' lang='grc' dir='ltr'>Ἡράκλεις·</span> <span class='ocrx_word' id='word_1_80' title='bbox 781 1059 885 1102; x_wconf 86' lang='lat' dir='ltr'>tonsor</span> <span class='ocrx_word' id='word_1_81' title='bbox 921 1057 1005 1103; x_wconf 82' lang='lat' dir='ltr'>avis?</span> <span class='ocrx_word' id='word_1_82' title='bbox 1048 1068 1146 1104; x_wconf 80' lang='grc' dir='ltr'>ΕυΕιΡ.</span> <span class='ocrx_word' id='word_1_83' title='bbox 1175 1058 1287 1107; x_wconf 88' lang='lat' dir='ltr'>Annon</span> <span class='ocrx_word' id='word_1_84' title='bbox 1311 1077 1381 1110; x_wconf 90' lang='lat' dir='ltr'>vero</span> 
     </span>
     <span class='ocr_line' id='line_1_9' title="bbox 183 1119 1381 1199; baseline 0.015 -29"><span class='ocrx_word' id='word_1_85' title='bbox 183 1119 660 1199; x_wconf 52' lang='lat' dir='ltr'>cyamon?tuetunvuuytupuwss</span> <span class='ocrx_word' id='word_1_86' title='bbox 781 1131 937 1194; x_wconf 85' lang='lat' dir='ltr'>sporgilus</span> <span class='ocrx_word' id='word_1_87' title='bbox 959 1135 1012 1180; x_wconf 85' lang='lat' dir='ltr'>avis</span> <span class='ocrx_word' id='word_1_88' title='bbox 1035 1139 1087 1191; x_wconf 87' lang='lat' dir='ltr'>est,</span> <span class='ocrx_word' id='word_1_89' title='bbox 1111 1148 1185 1197; x_wconf 89' lang='lat' dir='ltr'>quem</span> <span class='ocrx_word' id='word_1_90' title='bbox 1209 1142 1305 1186; x_wconf 88' lang='lat' dir='ltr'>constat</span> <span class='ocrx_word' id='word_1_91' title='bbox 1328 1154 1381 1188; x_wconf 89' lang='lat' dir='ltr'>esse</span> 
     </span>
     <span class='ocr_line' id='line_1_10' title="bbox 183 1184 1382 1268; baseline 0.013 -21"><span class='ocrx_word' id='word_1_92' title='bbox 183 1184 627 1238; x_wconf 49' lang='grc' dir='ltr'>ΜδνόψωνίηνυἫκΨΜόΨῖ</span> <span class='ocrx_word' id='word_1_93' title='bbox 781 1205 907 1268; x_wconf 74' lang='grc' dir='ltr'>(κειρύλον)</span> <span class='ocrx_word' id='word_1_94' title='bbox 936 1213 1078 1259; x_wconf 81' lang='lat' dir='ltr'>tonsorem?</span> <span class='ocrx_word' id='word_1_95' title='bbox 1111 1211 1209 1260; x_wconf 90' lang='lat' dir='ltr'>Laudat</span> <span class='ocrx_word' id='word_1_96' title='bbox 1237 1212 1382 1263; x_wconf 82' lang='lat' dir='ltr'>scholiastes</span> 
     </span>
     <span class='ocr_line' id='line_1_11' title="bbox 134 1284 1381 1352; baseline 0.009 -17"><span class='ocrx_word' id='word_1_97' title='bbox 134 1287 177 1335; x_wconf 91' lang='lat' dir='ltr'>ubi</span> <span class='ocrx_word' id='word_1_98' title='bbox 195 1287 279 1336; x_wconf 86' lang='lat' dir='ltr'>iocum</span> <span class='ocrx_word' id='word_1_99' title='bbox 292 1287 385 1352; x_wconf 86' lang='lat' dir='ltr'>captari</span> <span class='ocrx_word' id='word_1_100' title='bbox 402 1304 433 1337; x_wconf 91' lang='lat' dir='ltr'>ex</span> <span class='ocrx_word' id='word_1_101' title='bbox 450 1288 612 1352; x_wconf 71' lang='lat' dir='ltr'>ambiguitate</span> <span class='ocrx_word' id='word_1_102' title='bbox 629 1291 737 1337; x_wconf 91' lang='lat' dir='ltr'>nominis</span> <span class='ocrx_word' id='word_1_103' title='bbox 782 1284 879 1333; x_wconf 71' lang='lat' dir='ltr'>Platon·</span> <span class='ocrx_word' id='word_1_104' title='bbox 892 1286 917 1334; x_wconf 80' lang='lat' dir='ltr'>in</span> <span class='ocrx_word' id='word_1_105' title='bbox 931 1287 1080 1342; x_wconf 70' lang='grc' dir='ltr'>Κωμασταῖς</span> <span class='ocrx_word' id='word_1_106' title='bbox 1093 1288 1121 1338; x_wconf 81' lang='lat' dir='ltr'>fr·</span> <span class='ocrx_word' id='word_1_107' title='bbox 1141 1305 1150 1337; x_wconf 89' lang='lat'>1</span> <span class='ocrx_word' id='word_1_108' title='bbox 1164 1290 1192 1337; x_wconf 73' lang='grc' dir='ltr'>τό</span> <span class='ocrx_word' id='word_1_109' title='bbox 1209 1291 1381 1352; x_wconf 72' lang='grc' dir='ltr'>Σποργίλῠν</span> 
     </span>
     <span class='ocr_line' id='line_1_12' title="bbox 133 1364 1331 1427; baseline 0.011 -15"><span class='ocrx_word' id='word_1_110' title='bbox 133 1367 254 1425; x_wconf 83' lang='grc' dir='ltr'>σπόρπη</span> <span class='ocrx_word' id='word_1_111' title='bbox 276 1373 300 1414; x_wconf 89' lang='lat' dir='ltr'>et</span> <span class='ocrx_word' id='word_1_112' title='bbox 328 1366 480 1415; x_wconf 88' lang='lat' dir='ltr'>locutionum</span> <span class='ocrx_word' id='word_1_113' title='bbox 504 1368 577 1423; x_wconf 88' lang='grc' dir='ltr'>όνομα</span> <span class='ocrx_word' id='word_1_114' title='bbox 601 1369 685 1416; x_wconf 78' lang='grc' dir='ltr'>θέσθαι</span> <span class='ocrx_word' id='word_1_115' title='bbox 713 1374 737 1416; x_wconf 92' lang='lat' dir='ltr'>et</span> <span class='ocrx_word' id='word_1_116' title='bbox 780 1364 890 1423; x_wconf 78' lang='grc' dir='ltr'>κουρεῖον,</span> <span class='ocrx_word' id='word_1_117' title='bbox 905 1365 1019 1425; x_wconf 78' lang='grc' dir='ltr'>ἔχθιστον</span> <span class='ocrx_word' id='word_1_118' title='bbox 1029 1366 1099 1427; x_wconf 81' lang='grc' dir='ltr'>τέγος</span> <span class='ocrx_word' id='word_1_119' title='bbox 1328 1420 1331 1425; x_wconf 94' lang='grc'>,</span> 
     </span>
     <span class='ocr_line' id='line_1_13' title="bbox 133 1437 1382 1509; baseline 0.01 -18"><span class='ocrx_word' id='word_1_120' title='bbox 133 1444 248 1503; x_wconf 85' lang='grc' dir='ltr'>σπάρτην</span> <span class='ocrx_word' id='word_1_121' title='bbox 275 1444 360 1492; x_wconf 81' lang='grc' dir='ltr'>θέσθαι</span> <span class='ocrx_word' id='word_1_122' title='bbox 387 1445 496 1505; x_wconf 77' lang='grc' dir='ltr'>χαμεύνῃ</span> <span class='ocrx_word' id='word_1_123' title='bbox 530 1444 611 1509; x_wconf 87' lang='lat' dir='ltr'>quivis</span> <span class='ocrx_word' id='word_1_124' title='bbox 638 1444 735 1493; x_wconf 89' lang='lat' dir='ltr'>viderit.</span> <span class='ocrx_word' id='word_1_125' title='bbox 828 1437 971 1506; x_wconf 72' lang='grc' dir='ltr'>Στύμνιοςῑ</span> <span class='ocrx_word' id='word_1_126' title='bbox 1006 1444 1123 1500; x_wconf 66' lang='grc' dir='ltr'>Διόνυσος,</span> <span class='ocrx_word' id='word_1_127' title='bbox 1156 1446 1202 1494; x_wconf 71' lang='lat' dir='ltr'>vlit</span> <span class='ocrx_word' id='word_1_128' title='bbox 1233 1442 1382 1503; x_wconf 60' lang='grc' dir='ltr'>Σταμνίθῦ</span> 
     </span>
     <span class='ocr_line' id='line_1_14' title="bbox 135 1518 1380 1584; baseline 0.003 -16"><span class='ocrx_word' id='word_1_129' title='bbox 135 1520 243 1568; x_wconf 89' lang='lat' dir='ltr'>Sensum</span> <span class='ocrx_word' id='word_1_130' title='bbox 262 1520 309 1569; x_wconf 94' lang='lat' dir='ltr'>loci</span> <span class='ocrx_word' id='word_1_131' title='bbox 329 1520 391 1569; x_wconf 86' lang='lat' dir='ltr'>vidit</span> <span class='ocrx_word' id='word_1_132' title='bbox 411 1521 546 1570; x_wconf 82' lang='lat' dir='ltr'>Knsterus:</span> <span class='ocrx_word' id='word_1_133' title='bbox 565 1527 649 1570; x_wconf 89' lang='lat' dir='ltr'>tanto</span> <span class='ocrx_word' id='word_1_134' title='bbox 666 1522 738 1570; x_wconf 88' lang='lat' dir='ltr'>odio</span> <span class='ocrx_word' id='word_1_135' title='bbox 780 1518 845 1567; x_wconf 89' lang='lat' dir='ltr'>Ran.</span> <span class='ocrx_word' id='word_1_136' title='bbox 861 1533 899 1568; x_wconf 78' lang='lat' dir='ltr'>ra.</span> <span class='ocrx_word' id='word_1_137' title='bbox 938 1519 1068 1583; x_wconf 83' lang='lat' dir='ltr'>Berglerus</span> <span class='ocrx_word' id='word_1_138' title='bbox 1085 1521 1117 1569; x_wconf 93' lang='lat' dir='ltr'>ad</span> <span class='ocrx_word' id='word_1_139' title='bbox 1135 1522 1204 1570; x_wconf 87' lang='lat' dir='ltr'>Nub.</span> <span class='ocrx_word' id='word_1_140' title='bbox 1221 1522 1298 1584; x_wconf 86' lang='lat'>1476:</span> <span class='ocrx_word' id='word_1_141' title='bbox 1319 1525 1380 1572; x_wconf 86' lang='lat' dir='ltr'>‘Di-</span> 
     </span>
     <span class='ocr_line' id='line_1_15' title="bbox 135 1596 1379 1664; baseline 0.003 -19"><span class='ocrx_word' id='word_1_142' title='bbox 135 1599 279 1662; x_wconf 86' lang='lat' dir='ltr'>Spartam</span> <span class='ocrx_word' id='word_1_143' title='bbox 294 1613 476 1662; x_wconf 84' lang='lat' dir='ltr'>prosequor,</span> <span class='ocrx_word' id='word_1_144' title='bbox 491 1606 522 1647; x_wconf 87' lang='lat' dir='ltr'>ut</span> <span class='ocrx_word' id='word_1_145' title='bbox 535 1598 578 1661; x_wconf 84' lang='lat' dir='ltr'>(ob</span> <span class='ocrx_word' id='word_1_146' title='bbox 594 1599 701 1647; x_wconf 87' lang='lat' dir='ltr'>nominis</span> <span class='ocrx_word' id='word_1_147' title='bbox 713 1606 737 1648; x_wconf 89' lang='lat' dir='ltr'>et</span> <span class='ocrx_word' id='word_1_148' title='bbox 780 1596 886 1645; x_wconf 89' lang='lat' dir='ltr'>cendum</span> <span class='ocrx_word' id='word_1_149' title='bbox 898 1604 950 1645; x_wconf 87' lang='lat' dir='ltr'>erat</span> <span class='ocrx_word' id='word_1_150' title='bbox 962 1598 1009 1646; x_wconf 77' lang='grc' dir='ltr'>υίός</span> <span class='ocrx_word' id='word_1_151' title='bbox 1020 1599 1080 1656; x_wconf 85' lang='grc' dir='ltr'>Διός,</span> <span class='ocrx_word' id='word_1_152' title='bbox 1096 1599 1140 1648; x_wconf 91' lang='lat' dir='ltr'>sed</span> <span class='ocrx_word' id='word_1_153' title='bbox 1157 1600 1239 1664; x_wconf 89' lang='lat' dir='ltr'>lepide</span> <span class='ocrx_word' id='word_1_154' title='bbox 1251 1601 1308 1662; x_wconf 90' lang='grc' dir='ltr'>παρ’</span> <span class='ocrx_word' id='word_1_155' title='bbox 1322 1601 1379 1649; x_wconf 90' lang='grc' dir='ltr'>ύπό-</span> 
     </span>
     <span class='ocr_line' id='line_1_16' title="bbox 134 1673 1381 1743; baseline 0.005 -24"><span class='ocrx_word' id='word_1_156' title='bbox 134 1675 189 1723; x_wconf 87' lang='lat' dir='ltr'>soni</span> <span class='ocrx_word' id='word_1_157' title='bbox 208 1674 365 1731; x_wconf 74' lang='lat' dir='ltr'>affinitatem)</span> <span class='ocrx_word' id='word_1_158' title='bbox 383 1691 419 1723; x_wconf 96' lang='lat' dir='ltr'>ne</span> <span class='ocrx_word' id='word_1_159' title='bbox 439 1682 594 1738; x_wconf 91' lang='lat' dir='ltr'>sparteum</span> <span class='ocrx_word' id='word_1_160' title='bbox 614 1676 737 1739; x_wconf 84' lang='lat' dir='ltr'>quidem</span> <span class='ocrx_word' id='word_1_161' title='bbox 780 1676 847 1721; x_wconf 82' lang='grc' dir='ltr'>νοιαν</span> <span class='ocrx_word' id='word_1_162' title='bbox 868 1673 930 1721; x_wconf 86' lang='lat' dir='ltr'>dixit</span> <span class='ocrx_word' id='word_1_163' title='bbox 959 1675 1110 1734; x_wconf 75' lang='grc' dir='ltr'>σταμνίον,</span> <span class='ocrx_word' id='word_1_164' title='bbox 1133 1675 1147 1723; x_wconf 89' lang='lat' dir='ltr'>i.</span> <span class='ocrx_word' id='word_1_165' title='bbox 1158 1691 1179 1725; x_wconf 89' lang='lat' dir='ltr'>e.</span> <span class='ocrx_word' id='word_1_166' title='bbox 1206 1678 1295 1736; x_wconf 91' lang='lat' dir='ltr'>urcei,</span> <span class='ocrx_word' id='word_1_167' title='bbox 1321 1677 1381 1743; x_wconf 92' lang='lat' dir='ltr'>quia</span> 
     </span>
    </p>
   </div>
   <div class='ocr_carea' id='block_1_3' title="bbox 133 1749 1459 1818">
    <p class='ocr_par' dir='ltr' id='par_1_3' title="bbox 133 1749 1459 1818">
     <span class='ocr_line' id='line_1_17' title="bbox 133 1749 1459 1818; baseline 0.001 -19"><span class='ocrx_word' id='word_1_168' title='bbox 133 1751 233 1800; x_wconf 85' lang='lat' dir='ltr'>funem</span> <span class='ocrx_word' id='word_1_169' title='bbox 257 1751 336 1814; x_wconf 77' lang='lat' dir='ltr'>(cord)</span> <span class='ocrx_word' id='word_1_170' title='bbox 359 1751 466 1801; x_wconf 88' lang='lat' dir='ltr'>viliori</span> <span class='ocrx_word' id='word_1_171' title='bbox 494 1752 567 1802; x_wconf 90' lang='lat' dir='ltr'>licet</span> <span class='ocrx_word' id='word_1_172' title='bbox 589 1760 618 1802; x_wconf 89' lang='lat' dir='ltr'>et</span> <span class='ocrx_word' id='word_1_173' title='bbox 645 1753 737 1801; x_wconf 89' lang='lat' dir='ltr'>humi·</span> <span class='ocrx_word' id='word_1_174' title='bbox 779 1749 865 1798; x_wconf 82' lang='lat' dir='ltr'>vinum</span> <span class='ocrx_word' id='word_1_175' title='bbox 885 1767 914 1800; x_wconf 93' lang='lat' dir='ltr'>ex</span> <span class='ocrx_word' id='word_1_176' title='bbox 934 1768 1008 1800; x_wconf 91' lang='lat' dir='ltr'>urceo</span> <span class='ocrx_word' id='word_1_177' title='bbox 1027 1752 1161 1801; x_wconf 76' lang='lat' dir='ltr'>effunditur</span> <span class='ocrx_word' id='word_1_178' title='bbox 1180 1756 1206 1801; x_wconf 92' lang='lat' dir='ltr'>in</span> <span class='ocrx_word' id='word_1_179' title='bbox 1226 1754 1330 1818; x_wconf 89' lang='lat' dir='ltr'>pocula:</span> <span class='ocrx_word' id='word_1_180' title='bbox 1353 1762 1379 1804; x_wconf 91' lang='lat' dir='ltr'>et</span> <span class='ocrx_word' id='word_1_181' title='bbox 1453 1792 1459 1800; x_wconf 91' lang='lat'>.</span> 
     </span>
    </p>
   </div>
   <div class='ocr_carea' id='block_1_4' title="bbox 132 1827 1380 2049">
    <p class='ocr_par' dir='ltr' id='par_1_4' title="bbox 132 1827 1380 2049">
     <span class='ocr_line' id='line_1_18' title="bbox 132 1827 1380 1892; baseline 0.004 -16"><span class='ocrx_word' id='word_1_182' title='bbox 132 1828 207 1876; x_wconf 91' lang='lat' dir='ltr'>liori</span> <span class='ocrx_word' id='word_1_183' title='bbox 234 1829 350 1879; x_wconf 90' lang='lat' dir='ltr'>lectulo</span> <span class='ocrx_word' id='word_1_184' title='bbox 372 1830 573 1888; x_wconf 85' lang='lat' dir='ltr'>intenderem,</span> <span class='ocrx_word' id='word_1_185' title='bbox 602 1831 627 1879; x_wconf 91' lang='lat' dir='ltr'>si</span> <span class='ocrx_word' id='word_1_186' title='bbox 656 1831 738 1880; x_wconf 90' lang='lat' dir='ltr'>alius</span> <span class='ocrx_word' id='word_1_187' title='bbox 779 1827 829 1877; x_wconf 89' lang='lat' dir='ltr'>dici</span> <span class='ocrx_word' id='word_1_188' title='bbox 847 1836 929 1892; x_wconf 91' lang='lat' dir='ltr'>potest</span> <span class='ocrx_word' id='word_1_189' title='bbox 947 1829 1032 1877; x_wconf 87' lang='lat' dir='ltr'>vinum</span> <span class='ocrx_word' id='word_1_190' title='bbox 1053 1831 1147 1879; x_wconf 89' lang='lat' dir='ltr'>editum</span> <span class='ocrx_word' id='word_1_191' title='bbox 1166 1847 1247 1891; x_wconf 92' lang='lat' dir='ltr'>urceo,</span> <span class='ocrx_word' id='word_1_192' title='bbox 1267 1838 1294 1880; x_wconf 95' lang='lat' dir='ltr'>ut</span> <span class='ocrx_word' id='word_1_193' title='bbox 1314 1831 1380 1881; x_wconf 88' lang='lat' dir='ltr'>tilius</span> 
     </span>
     <span class='ocr_line' id='line_1_19' title="bbox 134 1905 1380 1972; baseline 0.004 -19"><span class='ocrx_word' id='word_1_194' title='bbox 134 1905 209 1953; x_wconf 89' lang='lat' dir='ltr'>mihi</span> <span class='ocrx_word' id='word_1_195' title='bbox 227 1909 265 1956; x_wconf 94' lang='lat' dir='ltr'>sit</span> <span class='ocrx_word' id='word_1_196' title='bbox 282 1906 436 1957; x_wconf 70' lang='lat' dir='ltr'>funiculus</span> <span class='ocrx_word' id='word_1_197' title='bbox 450 1909 549 1970; x_wconf 79' lang='lat' dir='ltr'>(girth).</span> <span class='ocrx_word' id='word_1_198' title='bbox 587 1907 626 1956; x_wconf 83' lang='lat' dir='ltr'>Cf.</span> <span class='ocrx_word' id='word_1_199' title='bbox 641 1906 736 1957; x_wconf 89' lang='lat' dir='ltr'>Polluc.</span> <span class='ocrx_word' id='word_1_200' title='bbox 779 1905 860 1955; x_wconf 85' lang='lat' dir='ltr'>editus</span> <span class='ocrx_word' id='word_1_201' title='bbox 872 1909 923 1956; x_wconf 90' lang='lat' dir='ltr'>sive</span> <span class='ocrx_word' id='word_1_202' title='bbox 934 1915 1007 1956; x_wconf 91' lang='lat' dir='ltr'>natus</span> <span class='ocrx_word' id='word_1_203' title='bbox 1015 1906 1059 1955; x_wconf 90' lang='lat' dir='ltr'>illo</span> <span class='ocrx_word' id='word_1_204' title='bbox 1071 1907 1110 1955; x_wconf 91' lang='lat' dir='ltr'>vel</span> <span class='ocrx_word' id='word_1_205' title='bbox 1121 1907 1165 1956; x_wconf 90' lang='lat' dir='ltr'>illo</span> <span class='ocrx_word' id='word_1_206' title='bbox 1177 1907 1296 1972; x_wconf 88' lang='lat' dir='ltr'>parente.’</span> <span class='ocrx_word' id='word_1_207' title='bbox 1313 1910 1380 1958; x_wconf 88' lang='lat' dir='ltr'>Cum</span> 
     </span>
     <span class='ocr_line' id='line_1_20' title="bbox 134 1980 1380 2049; baseline 0.002 -18"><span class='ocrx_word' id='word_1_208' title='bbox 134 1980 192 2045; x_wconf 72' lang='lat'>§36</span> <span class='ocrx_word' id='word_1_209' title='bbox 203 1983 231 2032; x_wconf 84' lang='grc' dir='ltr'>τό</span> <span class='ocrx_word' id='word_1_210' title='bbox 242 2003 272 2045; x_wconf 85' lang='grc' dir='ltr'>γε</span> <span class='ocrx_word' id='word_1_211' title='bbox 283 1987 315 2046; x_wconf 79' lang='grc' dir='ltr'>τῇ</span> <span class='ocrx_word' id='word_1_212' title='bbox 327 1988 396 2047; x_wconf 82' lang='grc' dir='ltr'>κλίνῃ</span> <span class='ocrx_word' id='word_1_213' title='bbox 408 1987 424 2045; x_wconf 80' lang='grc' dir='ltr'>η</span> <span class='ocrx_word' id='word_1_214' title='bbox 434 1987 600 2047; x_wconf 68' lang='grc' dir='ltr'>τῷσκίμπσδι</span> <span class='ocrx_word' id='word_1_215' title='bbox 611 1985 737 2042; x_wconf 82' lang='grc' dir='ltr'>έντεταμέ·</span> <span class='ocrx_word' id='word_1_216' title='bbox 778 1992 865 2032; x_wconf 92' lang='lat' dir='ltr'>nostro</span> <span class='ocrx_word' id='word_1_217' title='bbox 880 1983 936 2033; x_wconf 86' lang='lat' dir='ltr'>loco</span> <span class='ocrx_word' id='word_1_218' title='bbox 953 1984 1113 2034; x_wconf 71' lang='lat' dir='ltr'>Athenaeum</span> <span class='ocrx_word' id='word_1_219' title='bbox 1130 1997 1184 2034; x_wconf 82' lang='lat' dir='ltr'>xm</span> <span class='ocrx_word' id='word_1_220' title='bbox 1196 2002 1221 2049; x_wconf 89' lang='lat' dir='ltr'>p.</span> <span class='ocrx_word' id='word_1_221' title='bbox 1235 1987 1289 2048; x_wconf 83' lang='lat'><strong>584,</strong></span> <span class='ocrx_word' id='word_1_222' title='bbox 1299 1987 1380 2045; x_wconf 79' lang='grc' dir='ltr'>Δημσ·</span> 
     </span>
    </p>
   </div>
   <div class='ocr_carea' id='block_1_5' title="bbox 50 2061 1377 2126">
    <p class='ocr_par' dir='ltr' id='par_1_5' title="bbox 50 2061 1377 2126">
     <span class='ocr_line' id='line_1_21' title="bbox 50 2061 1377 2126; baseline 0.005 -19"><span class='ocrx_word' id='word_1_223' title='bbox 50 2076 53 2081; x_wconf 72' lang='grc'><em>’</em></span> <span class='ocrx_word' id='word_1_224' title='bbox 134 2077 180 2122; x_wconf 84' lang='grc' dir='ltr'>νον,</span> <span class='ocrx_word' id='word_1_225' title='bbox 196 2061 320 2123; x_wconf 76' lang='grc' dir='ltr'>διαφέρειν</span> <span class='ocrx_word' id='word_1_226' title='bbox 334 2065 366 2112; x_wconf 87' lang='grc' dir='ltr'>πό,</span> <span class='ocrx_word' id='word_1_227' title='bbox 377 2065 460 2111; x_wconf 85' lang='grc' dir='ltr'>τυλεῖα</span> <span class='ocrx_word' id='word_1_228' title='bbox 473 2062 632 2126; x_wconf 72' lang='grc' dir='ltr'>(μιαίίνειιει),</span> <span class='ocrx_word' id='word_1_229' title='bbox 649 2064 736 2123; x_wconf 80' lang='grc' dir='ltr'>σπαίρ·</span> <span class='ocrx_word' id='word_1_230' title='bbox 779 2062 862 2111; x_wconf 87' lang='grc' dir='ltr'>κλέους</span> <span class='ocrx_word' id='word_1_231' title='bbox 871 2063 914 2110; x_wconf 81' lang='grc' dir='ltr'>τοῦ</span> <span class='ocrx_word' id='word_1_232' title='bbox 925 2063 1067 2124; x_wconf 84' lang='grc' dir='ltr'>παρασίτου,</span> <span class='ocrx_word' id='word_1_233' title='bbox 1077 2063 1260 2123; x_wconf 79' lang='grc' dir='ltr'>Λαγυνίωνος</span> <span class='ocrx_word' id='word_1_234' title='bbox 1269 2064 1377 2124; x_wconf 77' lang='grc' dir='ltr'>ἐπίκλην,</span> 
     </span>
    </p>
   </div>
   <div class='ocr_carea' id='block_1_6' title="bbox 132 2134 1380 2665">
    <p class='ocr_par' dir='ltr' id='par_1_6' title="bbox 132 2134 1379 2282">
     <span class='ocr_line' id='line_1_22' title="bbox 132 2134 1379 2204; baseline 0.003 -18"><span class='ocrx_word' id='word_1_235' title='bbox 132 2140 190 2199; x_wconf 87' lang='grc' dir='ltr'>Ιπια,</span> <span class='ocrx_word' id='word_1_236' title='bbox 212 2142 339 2201; x_wconf 82' lang='grc' dir='ltr'>σπάρτα,</span> <span class='ocrx_word' id='word_1_237' title='bbox 359 2141 433 2200; x_wconf 90' lang='grc' dir='ltr'>πόνος,</span> <span class='ocrx_word' id='word_1_238' title='bbox 457 2143 566 2204; x_wconf 85' lang='grc' dir='ltr'>κειρία;</span> <span class='ocrx_word' id='word_1_239' title='bbox 588 2141 651 2189; x_wconf 91' lang='lat' dir='ltr'>Plin.</span> <span class='ocrx_word' id='word_1_240' title='bbox 672 2142 733 2190; x_wconf 78' lang='lat' dir='ltr'>Nat.</span> <span class='ocrx_word' id='word_1_241' title='bbox 778 2136 842 2186; x_wconf 89' lang='lat' dir='ltr'>bene</span> <span class='ocrx_word' id='word_1_242' title='bbox 860 2146 987 2202; x_wconf 92' lang='lat' dir='ltr'>comparat</span> <span class='ocrx_word' id='word_1_243' title='bbox 1008 2138 1233 2188; x_wconf 90' lang='lat' dir='ltr'>Winckelmannus</span> <span class='ocrx_word' id='word_1_244' title='bbox 1249 2142 1306 2189; x_wconf 72' lang='lat' dir='ltr'>Aa.</span> <span class='ocrx_word' id='word_1_245' title='bbox 1325 2134 1379 2191; x_wconf 68' lang='lat' dir='ltr'>Soc}</span> 
     </span>
     <span class='ocr_line' id='line_1_23' title="bbox 134 2214 1083 2282; baseline -0.001 -17"><span class='ocrx_word' id='word_1_246' title='bbox 134 2216 208 2265; x_wconf 71' lang='lat' dir='ltr'>Hist:</span> <span class='ocrx_word' id='word_1_247' title='bbox 230 2231 267 2282; x_wconf 87' lang='lat'>19,</span> <span class='ocrx_word' id='word_1_248' title='bbox 289 2234 310 2277; x_wconf 86' lang='grc' dir='ltr'>α,</span> <span class='ocrx_word' id='word_1_249' title='bbox 334 2229 347 2279; x_wconf 83' lang='lat'>7</span> <span class='ocrx_word' id='word_1_250' title='bbox 369 2217 440 2268; x_wconf 91' lang='lat' dir='ltr'>hinc</span> <span class='ocrx_word' id='word_1_251' title='bbox 461 2221 501 2279; x_wconf 89' lang='lat' dir='ltr'>(ex</span> <span class='ocrx_word' id='word_1_252' title='bbox 524 2219 618 2282; x_wconf 75' lang='lat' dir='ltr'>sparto)</span> <span class='ocrx_word' id='word_1_253' title='bbox 641 2225 736 2266; x_wconf 86' lang='lat' dir='ltr'>strata</span> <span class='ocrx_word' id='word_1_254' title='bbox 781 2215 864 2264; x_wconf 82' lang='lat' dir='ltr'>Graec.</span> <span class='ocrx_word' id='word_1_255' title='bbox 878 2216 911 2264; x_wconf 90' lang='lat' dir='ltr'>V.</span> <span class='ocrx_word' id='word_1_256' title='bbox 923 2228 947 2264; x_wconf 86' lang='lat'>11</span> <span class='ocrx_word' id='word_1_257' title='bbox 960 2214 1083 2281; x_wconf 88' lang='lat' dir='ltr'>F.1p.6</span> 
     </span>
    </p>

    <p class='ocr_par' dir='ltr' id='par_1_7' title="bbox 133 2289 1380 2665">
     <span class='ocr_line' id='line_1_24' title="bbox 134 2289 1380 2360; baseline 0.003 -19"><span class='ocrx_word' id='word_1_258' title='bbox 134 2294 272 2344; x_wconf 80' lang='lat' dir='ltr'>rusticis:</span> <span class='ocrx_word' id='word_1_259' title='bbox 296 2295 412 2359; x_wconf 91' lang='lat' dir='ltr'>Xenoph.</span> <span class='ocrx_word' id='word_1_260' title='bbox 440 2297 527 2359; x_wconf 82' lang='lat' dir='ltr'>Cyneg.</span> <span class='ocrx_word' id='word_1_261' title='bbox 553 2310 577 2360; x_wconf 87' lang='lat'>9,</span> <span class='ocrx_word' id='word_1_262' title='bbox 600 2311 629 2358; x_wconf 80' lang='lat'>¹3</span> <span class='ocrx_word' id='word_1_263' title='bbox 652 2297 695 2343; x_wconf 89' lang='grc' dir='ltr'>τόν</span> <span class='ocrx_word' id='word_1_264' title='bbox 711 2296 737 2343; x_wconf 84' lang='grc' dir='ltr'>δέ</span> <span class='ocrx_word' id='word_1_265' title='bbox 822 2289 1380 2355; x_wconf 58' lang='lat' dir='ltr'>{irritentfestummullerumrhrnriot·</span> 
     </span>
     <span class='ocr_line' id='line_1_25' title="bbox 134 2370 1379 2433; baseline 0.002 -14"><span class='ocrx_word' id='word_1_266' title='bbox 134 2372 227 2432; x_wconf 82' lang='grc' dir='ltr'>βρόχον</span> <span class='ocrx_word' id='word_1_267' title='bbox 241 2373 286 2431; x_wconf 77' lang='grc' dir='ltr'>τῆς</span> <span class='ocrx_word' id='word_1_268' title='bbox 303 2374 402 2433; x_wconf 83' lang='grc' dir='ltr'>σειρίόοι</span> <span class='ocrx_word' id='word_1_269' title='bbox 419 2372 588 2433; x_wconf 79' lang='grc' dir='ltr'>πεπλεγμένον</span> <span class='ocrx_word' id='word_1_270' title='bbox 606 2372 738 2432; x_wconf 80' lang='grc' dir='ltr'>σπόρπαυ</span> <span class='ocrx_word' id='word_1_271' title='bbox 779 2383 808 2416; x_wconf 89' lang='grc' dir='ltr'>σι</span> <span class='ocrx_word' id='word_1_272' title='bbox 825 2370 865 2416; x_wconf 85' lang='grc' dir='ltr'>καί</span> <span class='ocrx_word' id='word_1_273' title='bbox 876 2370 970 2431; x_wconf 83' lang='grc' dir='ltr'>Σκίροις</span> <span class='ocrx_word' id='word_1_274' title='bbox 986 2370 1034 2418; x_wconf 88' lang='lat' dir='ltr'>Th.</span> <span class='ocrx_word' id='word_1_275' title='bbox 1049 2371 1104 2430; x_wconf 81' lang='grc'>834.</span> <span class='ocrx_word' id='word_1_276' title='bbox 1141 2371 1243 2420; x_wconf 91' lang='lat' dir='ltr'>Photius</span> <span class='ocrx_word' id='word_1_277' title='bbox 1260 2373 1340 2423; x_wconf 79' lang='lat' dir='ltr'>Lexr&#39;c.</span> <span class='ocrx_word' id='word_1_278' title='bbox 1356 2386 1379 2422; x_wconf 91' lang='lat'>11</span> 
     </span>
     <span class='ocr_line' id='line_1_26' title="bbox 135 2446 1378 2515; baseline 0 -20"><span class='ocrx_word' id='word_1_279' title='bbox 135 2449 176 2496; x_wconf 80' lang='grc' dir='ltr'>καί</span> <span class='ocrx_word' id='word_1_280' title='bbox 201 2451 277 2508; x_wconf 77' lang='grc' dir='ltr'>αὐτὴν</span> <span class='ocrx_word' id='word_1_281' title='bbox 297 2451 341 2509; x_wconf 79' lang='grc' dir='ltr'>τὴν</span> <span class='ocrx_word' id='word_1_282' title='bbox 363 2450 461 2511; x_wconf 84' lang='grc' dir='ltr'>σειρίδα·</span> <span class='ocrx_word' id='word_1_283' title='bbox 490 2449 662 2507; x_wconf 85' lang='grc' dir='ltr'>όσηππότατον</span> <span class='ocrx_word' id='word_1_284' title='bbox 688 2450 737 2510; x_wconf 79' lang='grc' dir='ltr'>γὰρ</span> <span class='ocrx_word' id='word_1_285' title='bbox 778 2462 802 2510; x_wconf 90' lang='lat' dir='ltr'>p.</span> <span class='ocrx_word' id='word_1_286' title='bbox 816 2446 863 2507; x_wconf 79' lang='lat'>538</span> <span class='ocrx_word' id='word_1_287' title='bbox 877 2446 1000 2504; x_wconf 74' lang='grc' dir='ltr'>Στήνιαι</span> <span class='ocrx_word' id='word_1_288' title='bbox 1019 2447 1089 2507; x_wconf 76' lang='grc' dir='ltr'>ἑορτὴ</span> <span class='ocrx_word' id='word_1_289' title='bbox 1106 2447 1242 2509; x_wconf 63' lang='grc' dir='ltr'>’Δύήνησιη</span> <span class='ocrx_word' id='word_1_290' title='bbox 1257 2449 1311 2512; x_wconf 74' lang='grc' dir='ltr'>ἐνῇ</span> <span class='ocrx_word' id='word_1_291' title='bbox 1327 2451 1378 2515; x_wconf 51' lang='grc' dir='ltr'>ἐδό-&gt;</span> 
     </span>
     <span class='ocr_line' id='line_1_27' title="bbox 133 2522 1378 2590; baseline 0.002 -17"><span class='ocrx_word' id='word_1_292' title='bbox 133 2528 216 2574; x_wconf 84' lang='grc' dir='ltr'>ταθτα.</span> <span class='ocrx_word' id='word_1_293' title='bbox 250 2527 316 2577; x_wconf 91' lang='lat' dir='ltr'>Vide</span> <span class='ocrx_word' id='word_1_294' title='bbox 334 2527 430 2576; x_wconf 90' lang='lat' dir='ltr'>Becker</span> <span class='ocrx_word' id='word_1_295' title='bbox 451 2527 572 2575; x_wconf 70' lang='lat' dir='ltr'>Charicles</span> <span class='ocrx_word' id='word_1_296' title='bbox 588 2542 613 2590; x_wconf 90' lang='lat' dir='ltr'>p.</span> <span class='ocrx_word' id='word_1_297' title='bbox 631 2539 676 2588; x_wconf 82' lang='lat'>137</span> <span class='ocrx_word' id='word_1_298' title='bbox 694 2526 733 2574; x_wconf 89' lang='lat' dir='ltr'>ed.</span> <span class='ocrx_word' id='word_1_299' title='bbox 778 2522 935 2581; x_wconf 81' lang='grc' dir='ltr'>κειὴόνσδος</span> <span class='ocrx_word' id='word_1_300' title='bbox 951 2524 1064 2584; x_wconf 88' lang='grc' dir='ltr'>γενέσθαι</span> <span class='ocrx_word' id='word_1_301' title='bbox 1079 2525 1123 2583; x_wconf 83' lang='grc' dir='ltr'>τῆς</span> <span class='ocrx_word' id='word_1_302' title='bbox 1139 2525 1271 2587; x_wconf 77' lang='grc' dir='ltr'>Δήμητρος·</span> <span class='ocrx_word' id='word_1_303' title='bbox 1289 2522 1378 2576; x_wconf 62' lang='grc' dir='ltr'>έλοιδοὲ</span> 
     </span>
     <span class='ocr_line' id='line_1_28' title="bbox 136 2597 1377 2665; baseline 0.001 -14"><span class='ocrx_word' id='word_1_304' title='bbox 136 2603 207 2665; x_wconf 78' lang='lat' dir='ltr'>i854.</span> <span class='ocrx_word' id='word_1_305' title='bbox 242 2605 359 2654; x_wconf 88' lang='lat' dir='ltr'>Ceterum</span> <span class='ocrx_word' id='word_1_306' title='bbox 377 2605 490 2653; x_wconf 90' lang='lat' dir='ltr'>similiter</span> <span class='ocrx_word' id='word_1_307' title='bbox 505 2603 563 2653; x_wconf 91' lang='lat' dir='ltr'>lusit</span> <span class='ocrx_word' id='word_1_308' title='bbox 580 2605 696 2652; x_wconf 88' lang='lat' dir='ltr'>Cratinus</span> <span class='ocrx_word' id='word_1_309' title='bbox 708 2604 737 2651; x_wconf 87' lang='lat' dir='ltr'>‘m</span> <span class='ocrx_word' id='word_1_310' title='bbox 777 2601 861 2662; x_wconf 83' lang='grc' dir='ltr'>ραῦντο</span> <span class='ocrx_word' id='word_1_311' title='bbox 874 2597 894 2647; x_wconf 82' lang='grc' dir='ltr'>δ’</span> <span class='ocrx_word' id='word_1_312' title='bbox 913 2601 938 2648; x_wconf 80' lang='grc' dir='ltr'>ἐν</span> <span class='ocrx_word' id='word_1_313' title='bbox 955 2600 1018 2663; x_wconf 73' lang='grc' dir='ltr'>αὐτῇ</span> <span class='ocrx_word' id='word_1_314' title='bbox 1036 2602 1117 2649; x_wconf 86' lang='grc' dir='ltr'>νυκτός</span> <span class='ocrx_word' id='word_1_315' title='bbox 1133 2602 1158 2648; x_wconf 89' lang='grc' dir='ltr'>αί</span> <span class='ocrx_word' id='word_1_316' title='bbox 1174 2603 1284 2662; x_wconf 86' lang='grc' dir='ltr'>γυναῖκες</span> <span class='ocrx_word' id='word_1_317' title='bbox 1301 2604 1377 2659; x_wconf 81' lang='grc' dir='ltr'>όλλή-</span> 
     </span>
    </p>
   </div>
   <div class='ocr_carea' id='block_1_7' title="bbox 46 2672 1068 2744">
    <p class='ocr_par' dir='ltr' id='par_1_8' title="bbox 46 2672 1068 2744">
     <span class='ocr_line' id='line_1_29' title="bbox 46 2672 1068 2744; baseline -0.009 -11"><span class='ocrx_word' id='word_1_318' title='bbox 46 2730 50 2733; x_wconf 93' lang='grc'>.</span> <span class='ocrx_word' id='word_1_319' title='bbox 133 2680 237 2730; x_wconf 88' lang='lat' dir='ltr'>Nemes.</span> <span class='ocrx_word' id='word_1_320' title='bbox 252 2681 280 2731; x_wconf 87' lang='lat' dir='ltr'>fr.</span> <span class='ocrx_word' id='word_1_321' title='bbox 297 2683 492 2743; x_wconf 77' lang='grc' dir='ltr'>ΙΧιΣπδρτην</span> <span class='ocrx_word' id='word_1_322' title='bbox 506 2683 737 2744; x_wconf 71' lang='grc' dir='ltr'>λέγωπηνΣπαρ</span> <span class='ocrx_word' id='word_1_323' title='bbox 778 2677 843 2724; x_wconf 88' lang='grc' dir='ltr'>λαις·</span> <span class='ocrx_word' id='word_1_324' title='bbox 861 2672 1068 2736; x_wconf 81' lang='grc' dir='ltr'>σύτωςΕύβουλος</span> 
     </span>
    </p>
   </div>
   <div class='ocr_carea' id='block_1_8' title="bbox 125 2750 1379 4214">
    <p class='ocr_par' dir='ltr' id='par_1_9' title="bbox 125 2750 1379 4214">
     <span class='ocr_line' id='line_1_30' title="bbox 132 2750 1378 2822; baseline 0.001 -18"><span class='ocrx_word' id='word_1_325' title='bbox 132 2756 218 2816; x_wconf 68' lang='grc' dir='ltr'>πόδ’,</span> <span class='ocrx_word' id='word_1_326' title='bbox 255 2759 282 2806; x_wconf 85' lang='grc' dir='ltr'>ού</span> <span class='ocrx_word' id='word_1_327' title='bbox 314 2759 359 2817; x_wconf 80' lang='grc' dir='ltr'>τὴν</span> <span class='ocrx_word' id='word_1_328' title='bbox 394 2760 556 2820; x_wconf 75' lang='grc' dir='ltr'>σπαρπίνην</span> <span class='ocrx_word' id='word_1_329' title='bbox 595 2757 735 2822; x_wconf 86' lang='lat' dir='ltr'>Spartam</span> <span class='ocrx_word' id='word_1_330' title='bbox 828 2750 1034 2817; x_wconf 58' lang='grc' dir='ltr'>[Στησίχορθψ</span> <span class='ocrx_word' id='word_1_331' title='bbox 1068 2752 1152 2802; x_wconf 89' lang='lat' dir='ltr'>Schol.</span> <span class='ocrx_word' id='word_1_332' title='bbox 1179 2753 1214 2802; x_wconf 75' lang='lat' dir='ltr'>&#39;ad</span> <span class='ocrx_word' id='word_1_333' title='bbox 1242 2755 1299 2804; x_wconf 82' lang='lat' dir='ltr'>Pae.</span> <span class='ocrx_word' id='word_1_334' title='bbox 1331 2758 1378 2821; x_wconf 84' lang='lat'>798</span> 
     </span>
     <span class='ocr_line' id='line_1_31' title="bbox 133 2831 1378 2900; baseline 0.005 -18"><span class='ocrx_word' id='word_1_335' title='bbox 133 2835 204 2883; x_wconf 91' lang='lat' dir='ltr'>dico</span> <span class='ocrx_word' id='word_1_336' title='bbox 233 2834 424 2900; x_wconf 86' lang='lat' dir='ltr'>Spartiacam</span> <span class='ocrx_word' id='word_1_337' title='bbox 446 2836 556 2895; x_wconf 90' lang='lat' dir='ltr'>urbem,</span> <span class='ocrx_word' id='word_1_338' title='bbox 580 2851 639 2883; x_wconf 93' lang='lat' dir='ltr'>non</span> <span class='ocrx_word' id='word_1_339' title='bbox 661 2834 737 2883; x_wconf 87' lang='lat' dir='ltr'>funi·</span> <span class='ocrx_word' id='word_1_340' title='bbox 778 2832 859 2879; x_wconf 83' lang='grc' dir='ltr'>τοιαίδε</span> <span class='ocrx_word' id='word_1_341' title='bbox 870 2833 919 2892; x_wconf 79' lang='grc' dir='ltr'>χρὴ</span> <span class='ocrx_word' id='word_1_342' title='bbox 931 2831 1041 2890; x_wconf 78' lang='grc' dir='ltr'>Χαρίτων</span> <span class='ocrx_word' id='word_1_343' title='bbox 1052 2838 1099 2880; x_wconf 82' lang='lat' dir='ltr'>eic-</span> <span class='ocrx_word' id='word_1_344' title='bbox 1113 2834 1262 2887; x_wconf 68' lang='grc' dir='ltr'>Ποίαῒτέστκ</span> <span class='ocrx_word' id='word_1_345' title='bbox 1274 2834 1378 2895; x_wconf 60' lang='lat' dir='ltr'>iiten&amp;</span> 
     </span>
     <span class='ocr_line' id='line_1_32' title="bbox 134 2908 1378 2977; baseline -0.002 -15"><span class='ocrx_word' id='word_1_346' title='bbox 134 2912 234 2962; x_wconf 90' lang='lat' dir='ltr'>culum</span> <span class='ocrx_word' id='word_1_347' title='bbox 263 2915 437 2977; x_wconf 77' lang='lat' dir='ltr'>spartinum,</span> <span class='ocrx_word' id='word_1_348' title='bbox 467 2915 511 2962; x_wconf 88' lang='lat' dir='ltr'>ubi</span> <span class='ocrx_word' id='word_1_349' title='bbox 538 2913 596 2962; x_wconf 79' lang='lat' dir='ltr'>vide</span> <span class='ocrx_word' id='word_1_350' title='bbox 624 2912 735 2962; x_wconf 76' lang='lat' dir='ltr'>Meinelr,</span> <span class='ocrx_word' id='word_1_351' title='bbox 779 2908 1008 2970; x_wconf 80' lang='grc' dir='ltr'>πὰΣτησιχόρου</span> <span class='ocrx_word' id='word_1_352' title='bbox 1025 2910 1052 2956; x_wconf 92' lang='grc' dir='ltr'>έκ</span> <span class='ocrx_word' id='word_1_353' title='bbox 1068 2910 1111 2968; x_wconf 83' lang='grc' dir='ltr'>τῆς</span> <span class='ocrx_word' id='word_1_354' title='bbox 1124 2909 1261 2971; x_wconf 78' lang='grc' dir='ltr'>Ὀρεστείας</span> <span class='ocrx_word' id='word_1_355' title='bbox 1278 2913 1378 2960; x_wconf 79' lang='grc' dir='ltr'>τοιοίδε</span> 
     </span>
     <span class='ocr_line' id='line_1_33' title="bbox 125 2987 1378 3056; baseline 0.002 -24"><span class='ocrx_word' id='word_1_356' title='bbox 125 2990 226 3053; x_wconf 78' lang='lat' dir='ltr'>fragm.</span> <span class='ocrx_word' id='word_1_357' title='bbox 238 3006 296 3039; x_wconf 79' lang='lat' dir='ltr'>com,</span> <span class='ocrx_word' id='word_1_358' title='bbox 309 2992 410 3056; x_wconf 77' lang='lat' dir='ltr'>11p.81</span> <span class='ocrx_word' id='word_1_359' title='bbox 779 2988 836 3045; x_wconf 82' lang='grc' dir='ltr'>χρὴ</span> <span class='ocrx_word' id='word_1_360' title='bbox 864 2987 1002 3047; x_wconf 83' lang='grc' dir='ltr'>Χαρίτων</span> <span class='ocrx_word' id='word_1_361' title='bbox 1030 2988 1189 3045; x_wconf 79' lang='grc' dir='ltr'>δαμώματα</span> <span class='ocrx_word' id='word_1_362' title='bbox 1212 2988 1252 3050; x_wconf 80' lang='grc' dir='ltr'>(τό</span> <span class='ocrx_word' id='word_1_363' title='bbox 1274 2988 1378 3050; x_wconf 72' lang='grc' dir='ltr'>δημοσία</span> 
     </span>
     <span class='ocr_line' id='line_1_34' title="bbox 136 3061 1379 3132; baseline -0.001 -16"><span class='ocrx_word' id='word_1_364' title='bbox 136 3081 140 3089; x_wconf 80' lang='lat'><strong>·</strong></span> <span class='ocrx_word' id='word_1_365' title='bbox 183 3064 335 3132; x_wconf 60' lang='grc' dir='ltr'>Σπερχειόν</span> <span class='ocrx_word' id='word_1_366' title='bbox 360 3069 481 3131; x_wconf 80' lang='grc' dir='ltr'>Σπερχειὲ</span> <span class='ocrx_word' id='word_1_367' title='bbox 504 3067 600 3127; x_wconf 79' lang='grc' dir='ltr'>πόταμε</span> <span class='ocrx_word' id='word_1_368' title='bbox 624 3064 735 3130; x_wconf 82' lang='grc' dir='ltr'>βούνομοί</span> <span class='ocrx_word' id='word_1_369' title='bbox 779 3061 892 3125; x_wconf 71' lang='grc' dir='ltr'>ᾀδόμενα)</span> <span class='ocrx_word' id='word_1_370' title='bbox 918 3065 1103 3121; x_wconf 84' lang='grc' dir='ltr'>καλλικόμων</span> <span class='ocrx_word' id='word_1_371' title='bbox 1125 3065 1229 3124; x_wconf 85' lang='grc' dir='ltr'>ύμνεΐν,</span> <span class='ocrx_word' id='word_1_372' title='bbox 1254 3067 1379 3128; x_wconf 83' lang='grc' dir='ltr'>Φρύγιον</span> 
     </span>
     <span class='ocr_line' id='line_1_35' title="bbox 133 3138 1378 3213; baseline 0 -21"><span class='ocrx_word' id='word_1_373' title='bbox 133 3146 156 3192; x_wconf 82' lang='grc' dir='ltr'>π’</span> <span class='ocrx_word' id='word_1_374' title='bbox 169 3147 315 3208; x_wconf 80' lang='grc' dir='ltr'>ἐπιστροφαί</span> <span class='ocrx_word' id='word_1_375' title='bbox 333 3146 398 3195; x_wconf 90' lang='lat' dir='ltr'>Ran.</span> <span class='ocrx_word' id='word_1_376' title='bbox 415 3148 476 3208; x_wconf 84' lang='lat'>1383</span> <span class='ocrx_word' id='word_1_377' title='bbox 494 3162 524 3199; x_wconf 85' lang='lat' dir='ltr'>ex</span> <span class='ocrx_word' id='word_1_378' title='bbox 541 3145 660 3209; x_wconf 85' lang='lat' dir='ltr'>Aeschyli</span> <span class='ocrx_word' id='word_1_379' title='bbox 674 3146 734 3194; x_wconf 84' lang='lat' dir='ltr'>Plri-</span> <span class='ocrx_word' id='word_1_380' title='bbox 778 3142 1047 3203; x_wconf 76' lang='grc' dir='ltr'>μέλοςέξευρόντας</span> <span class='ocrx_word' id='word_1_381' title='bbox 1065 3141 1160 3204; x_wconf 80' lang='grc' dir='ltr'>ἁβρῶς</span> <span class='ocrx_word' id='word_1_382' title='bbox 1176 3138 1378 3213; x_wconf 78' lang='grc' dir='ltr'>ἧροςέπερχο·</span> 
     </span>
     <span class='ocr_line' id='line_1_36' title="bbox 132 3218 1378 3288; baseline -0.002 -17"><span class='ocrx_word' id='word_1_383' title='bbox 132 3224 219 3281; x_wconf 68' lang='lat' dir='ltr'>Mete,</span> <span class='ocrx_word' id='word_1_384' title='bbox 235 3224 303 3273; x_wconf 89' lang='lat' dir='ltr'>cuius</span> <span class='ocrx_word' id='word_1_385' title='bbox 319 3224 414 3288; x_wconf 88' lang='lat' dir='ltr'>primus</span> <span class='ocrx_word' id='word_1_386' title='bbox 431 3224 477 3272; x_wconf 84' lang='lat' dir='ltr'>fuit</span> <span class='ocrx_word' id='word_1_387' title='bbox 488 3239 571 3273; x_wconf 85' lang='lat' dir='ltr'>versus</span> <span class='ocrx_word' id='word_1_388' title='bbox 584 3224 733 3285; x_wconf 80' lang='lat' dir='ltr'>(Hermann.</span> <span class='ocrx_word' id='word_1_389' title='bbox 778 3221 879 3279; x_wconf 75' lang='grc' dir='ltr'>μένουι</span> <span class='ocrx_word' id='word_1_390' title='bbox 905 3219 972 3267; x_wconf 89' lang='lat' dir='ltr'>idem</span> <span class='ocrx_word' id='word_1_391' title='bbox 995 3219 1068 3268; x_wconf 88' lang='lat' dir='ltr'>adv.</span> <span class='ocrx_word' id='word_1_392' title='bbox 1092 3221 1139 3269; x_wconf 85' lang='lat'>800</span> <span class='ocrx_word' id='word_1_393' title='bbox 1157 3222 1195 3269; x_wconf 88' lang='grc' dir='ltr'>καί</span> <span class='ocrx_word' id='word_1_394' title='bbox 1215 3218 1278 3280; x_wconf 83' lang='grc' dir='ltr'>αὕτη</span> <span class='ocrx_word' id='word_1_395' title='bbox 1297 3223 1378 3281; x_wconf 74' lang='grc' dir='ltr'>πλοκὴ</span> 
     </span>
     <span class='ocr_line' id='line_1_37' title="bbox 132 3296 1379 3366; baseline 0.002 -17"><span class='ocrx_word' id='word_1_396' title='bbox 132 3302 239 3364; x_wconf 78' lang='lat' dir='ltr'>opuscul.</span> <span class='ocrx_word' id='word_1_397' title='bbox 266 3313 300 3349; x_wconf 91' lang='lat'>111</span> <span class='ocrx_word' id='word_1_398' title='bbox 321 3317 344 3366; x_wconf 88' lang='lat' dir='ltr'>p.</span> <span class='ocrx_word' id='word_1_399' title='bbox 369 3302 440 3363; x_wconf 65' lang='lat' dir='ltr'>ingl:</span> <span class='ocrx_word' id='word_1_400' title='bbox 460 3301 611 3364; x_wconf 86' lang='lat' dir='ltr'>loquebatur</span> <span class='ocrx_word' id='word_1_401' title='bbox 632 3301 736 3350; x_wconf 86' lang='lat' dir='ltr'>fortasse</span> <span class='ocrx_word' id='word_1_402' title='bbox 779 3299 998 3359; x_wconf 78' lang='grc' dir='ltr'>Στησιχόρειος·</span> <span class='ocrx_word' id='word_1_403' title='bbox 1017 3299 1077 3359; x_wconf 81' lang='grc' dir='ltr'>φησί</span> <span class='ocrx_word' id='word_1_404' title='bbox 1088 3300 1137 3361; x_wconf 85' lang='grc' dir='ltr'>γόρ</span> <span class='ocrx_word' id='word_1_405' title='bbox 1149 3298 1223 3348; x_wconf 79' lang='grc' dir='ltr'>οὕτως</span> <span class='ocrx_word' id='word_1_406' title='bbox 1237 3301 1310 3348; x_wconf 49' lang='grc' dir='ltr'>(όταν</span> <span class='ocrx_word' id='word_1_407' title='bbox 1322 3296 1379 3362; x_wconf 75' lang='grc' dir='ltr'>ἦρος</span> 
     </span>
     <span class='ocr_line' id='line_1_38' title="bbox 133 3374 1110 3443; baseline -0.005 -17"><span class='ocrx_word' id='word_1_408' title='bbox 133 3380 188 3442; x_wconf 90' lang='lat' dir='ltr'>ipse</span> <span class='ocrx_word' id='word_1_409' title='bbox 211 3376 370 3439; x_wconf 73' lang='lat' dir='ltr'>Philoctetes,</span> <span class='ocrx_word' id='word_1_410' title='bbox 393 3379 436 3443; x_wconf 80' lang='lat' dir='ltr'>qui</span> <span class='ocrx_word' id='word_1_411' title='bbox 456 3378 602 3427; x_wconf 81' lang='lat' dir='ltr'>Thessaliae</span> <span class='ocrx_word' id='word_1_412' title='bbox 630 3395 688 3429; x_wconf 91' lang='lat' dir='ltr'>suae</span> <span class='ocrx_word' id='word_1_413' title='bbox 711 3387 735 3428; x_wconf 90' lang='lat' dir='ltr'>et</span> <span class='ocrx_word' id='word_1_414' title='bbox 779 3375 836 3437; x_wconf 75' lang='grc' dir='ltr'>ὥρᾳ</span> <span class='ocrx_word' id='word_1_415' title='bbox 849 3375 961 3437; x_wconf 78' lang='grc' dir='ltr'>κελαδῇ</span> <span class='ocrx_word' id='word_1_416' title='bbox 971 3374 1110 3436; x_wconf 72' lang='grc' dir='ltr'>χελιδύν’</span> 
     </span>
     <span class='ocr_line' id='line_1_39' title="bbox 133 3449 1378 3520; baseline 0.002 -17"><span class='ocrx_word' id='word_1_417' title='bbox 133 3456 203 3504; x_wconf 87' lang='lat' dir='ltr'>tluvii</span> <span class='ocrx_word' id='word_1_418' title='bbox 225 3455 299 3519; x_wconf 84' lang='lat' dir='ltr'>patrii</span> <span class='ocrx_word' id='word_1_419' title='bbox 323 3456 469 3520; x_wconf 90' lang='lat' dir='ltr'>Sperchei</span> <span class='ocrx_word' id='word_1_420' title='bbox 491 3456 614 3504; x_wconf 89' lang='lat' dir='ltr'>desiderio</span> <span class='ocrx_word' id='word_1_421' title='bbox 637 3463 689 3504; x_wconf 89' lang='lat' dir='ltr'>tum</span> <span class='ocrx_word' id='word_1_422' title='bbox 710 3458 735 3504; x_wconf 92' lang='lat' dir='ltr'>in</span> <span class='ocrx_word' id='word_1_423' title='bbox 826 3449 980 3518; x_wconf 53' lang='grc' dir='ltr'>Στιλβίδην</span> <span class='ocrx_word' id='word_1_424' title='bbox 1000 3454 1058 3502; x_wconf 88' lang='lat' dir='ltr'>Fuit</span> <span class='ocrx_word' id='word_1_425' title='bbox 1076 3453 1230 3505; x_wconf 88' lang='lat' dir='ltr'>Stilbides</span> <span class='ocrx_word' id='word_1_426' title='bbox 1247 3463 1316 3505; x_wconf 90' lang='lat' dir='ltr'>vates</span> <span class='ocrx_word' id='word_1_427' title='bbox 1333 3473 1378 3505; x_wconf 89' lang='lat' dir='ltr'>no·</span> 
     </span>
     <span class='ocr_line' id='line_1_40' title="bbox 134 3524 1376 3594; baseline 0.002 -14"><span class='ocrx_word' id='word_1_428' title='bbox 134 3532 233 3581; x_wconf 89' lang='lat' dir='ltr'>Lemno</span> <span class='ocrx_word' id='word_1_429' title='bbox 245 3532 326 3582; x_wconf 88' lang='lat' dir='ltr'>insula</span> <span class='ocrx_word' id='word_1_430' title='bbox 337 3534 475 3582; x_wconf 86' lang='lat' dir='ltr'>tenebatur.</span> <span class='ocrx_word' id='word_1_431' title='bbox 493 3544 627 3581; x_wconf 75' lang='lat' dir='ltr'>FRITzscrr</span> <span class='ocrx_word' id='word_1_432' title='bbox 639 3534 671 3581; x_wconf 88' lang='lat' dir='ltr'>ad</span> <span class='ocrx_word' id='word_1_433' title='bbox 683 3533 700 3581; x_wconf 89' lang='lat' dir='ltr'>l.</span> <span class='ocrx_word' id='word_1_434' title='bbox 776 3527 919 3587; x_wconf 88' lang='lat' dir='ltr'>bilissimus,</span> <span class='ocrx_word' id='word_1_435' title='bbox 934 3529 1023 3577; x_wconf 88' lang='lat' dir='ltr'>Niciae</span> <span class='ocrx_word' id='word_1_436' title='bbox 1035 3529 1162 3579; x_wconf 85' lang='lat' dir='ltr'>familiaris</span> <span class='ocrx_word' id='word_1_437' title='bbox 1170 3524 1306 3594; x_wconf 78' lang='lat' dir='ltr'>(Plutarch.</span> <span class='ocrx_word' id='word_1_438' title='bbox 1318 3535 1376 3583; x_wconf 79' lang='lat' dir='ltr'>Nic.</span> 
     </span>
     <span class='ocr_line' id='line_1_41' title="bbox 183 3605 1377 3674; baseline 0 -15"><span class='ocrx_word' id='word_1_439' title='bbox 183 3607 345 3674; x_wconf 76' lang='grc' dir='ltr'>Σπίνθαραςι</span> <span class='ocrx_word' id='word_1_440' title='bbox 362 3613 384 3658; x_wconf 88' lang='grc' dir='ltr'>εί</span> <span class='ocrx_word' id='word_1_441' title='bbox 399 3613 424 3659; x_wconf 79' lang='grc' dir='ltr'>δέ</span> <span class='ocrx_word' id='word_1_442' title='bbox 441 3611 558 3671; x_wconf 76' lang='grc' dir='ltr'>τυγχάνει</span> <span class='ocrx_word' id='word_1_443' title='bbox 573 3627 608 3658; x_wconf 87' lang='grc' dir='ltr'>τις</span> <span class='ocrx_word' id='word_1_444' title='bbox 624 3608 657 3656; x_wconf 79' lang='grc' dir='ltr'>ὢν</span> <span class='ocrx_word' id='word_1_445' title='bbox 672 3611 736 3670; x_wconf 77' lang='grc' dir='ltr'>Φρύξ</span> <span class='ocrx_word' id='word_1_446' title='bbox 779 3606 819 3666; x_wconf 79' lang='grc' dir='ltr'>α3)</span> <span class='ocrx_word' id='word_1_447' title='bbox 843 3621 917 3667; x_wconf 87' lang='lat' dir='ltr'>quem</span> <span class='ocrx_word' id='word_1_448' title='bbox 940 3605 1105 3655; x_wconf 82' lang='lat' dir='ltr'>Athenienses</span> <span class='ocrx_word' id='word_1_449' title='bbox 1133 3608 1165 3654; x_wconf 89' lang='lat' dir='ltr'>ad</span> <span class='ocrx_word' id='word_1_450' title='bbox 1193 3611 1377 3672; x_wconf 86' lang='lat' dir='ltr'>expeditionem</span> 
     </span>
     <span class='ocr_line' id='line_1_42' title="bbox 132 3682 1378 3749; baseline 0.009 -24"><span class='ocrx_word' id='word_1_451' title='bbox 132 3691 209 3749; x_wconf 63' lang='grc' dir='ltr'>μηδὲ,</span> <span class='ocrx_word' id='word_1_452' title='bbox 225 3687 300 3747; x_wconf 60' lang='grc' dir='ltr'>ἧττον</span> <span class='ocrx_word' id='word_1_453' title='bbox 320 3690 488 3749; x_wconf 54' lang='grc' dir='ltr'>Σπινθάρου</span> <span class='ocrx_word' id='word_1_454' title='bbox 510 3689 559 3736; x_wconf 70' lang='lat' dir='ltr'>Av,</span> <span class='ocrx_word' id='word_1_455' title='bbox 584 3685 638 3747; x_wconf 77' lang='lat'>762,</span> <span class='ocrx_word' id='word_1_456' title='bbox 673 3687 735 3735; x_wconf 71' lang='lat' dir='ltr'>Tra.</span> <span class='ocrx_word' id='word_1_457' title='bbox 779 3682 889 3731; x_wconf 87' lang='lat' dir='ltr'>Siculam</span> <span class='ocrx_word' id='word_1_458' title='bbox 908 3697 992 3729; x_wconf 88' lang='lat' dir='ltr'>secum</span> <span class='ocrx_word' id='word_1_459' title='bbox 1009 3683 1139 3733; x_wconf 90' lang='lat' dir='ltr'>duxerunt.</span> <span class='ocrx_word' id='word_1_460' title='bbox 1176 3684 1247 3732; x_wconf 91' lang='lat' dir='ltr'>Illius</span> <span class='ocrx_word' id='word_1_461' title='bbox 1264 3690 1378 3737; x_wconf 90' lang='lat' dir='ltr'>meminit</span> 
     </span>
     <span class='ocr_line' id='line_1_43' title="bbox 132 3758 1376 3829; baseline 0 -15"><span class='ocrx_word' id='word_1_462' title='bbox 132 3765 240 3829; x_wconf 79' lang='lat' dir='ltr'>goediae</span> <span class='ocrx_word' id='word_1_463' title='bbox 256 3771 389 3829; x_wconf 84' lang='lat' dir='ltr'>poetaster‚</span> <span class='ocrx_word' id='word_1_464' title='bbox 406 3765 532 3814; x_wconf 88' lang='lat' dir='ltr'>Strattidis</span> <span class='ocrx_word' id='word_1_465' title='bbox 548 3763 665 3827; x_wconf 86' lang='lat' dir='ltr'>aequalis,</span> <span class='ocrx_word' id='word_1_466' title='bbox 681 3764 734 3812; x_wconf 91' lang='lat' dir='ltr'>He·</span> <span class='ocrx_word' id='word_1_467' title='bbox 777 3760 853 3808; x_wconf 83' lang='lat' dir='ltr'>etiam</span> <span class='ocrx_word' id='word_1_468' title='bbox 870 3758 975 3821; x_wconf 76' lang='lat' dir='ltr'>Eupolis</span> <span class='ocrx_word' id='word_1_469' title='bbox 992 3759 1085 3807; x_wconf 81' lang='grc' dir='ltr'>Πόλεσι</span> <span class='ocrx_word' id='word_1_470' title='bbox 1096 3760 1124 3809; x_wconf 83' lang='lat' dir='ltr'>fr.</span> <span class='ocrx_word' id='word_1_471' title='bbox 1141 3772 1179 3808; x_wconf 84' lang='lat' dir='ltr'>xv</span> <span class='ocrx_word' id='word_1_472' title='bbox 1194 3761 1315 3817; x_wconf 87' lang='lat' dir='ltr'>(Meinek.</span> <span class='ocrx_word' id='word_1_473' title='bbox 1329 3775 1339 3810; x_wconf 93' lang='lat'>1</span> <span class='ocrx_word' id='word_1_474' title='bbox 1351 3780 1376 3828; x_wconf 91' lang='lat' dir='ltr'>p.</span> 
     </span>
     <span class='ocr_line' id='line_1_44' title="bbox 133 3836 979 3907; baseline -0.004 -15"><span class='ocrx_word' id='word_1_475' title='bbox 133 3843 216 3892; x_wconf 80' lang='lat' dir='ltr'>&#39;raclea</span> <span class='ocrx_word' id='word_1_476' title='bbox 236 3844 355 3892; x_wconf 88' lang='lat' dir='ltr'>oriundus</span> <span class='ocrx_word' id='word_1_477' title='bbox 375 3846 396 3892; x_wconf 91' lang='lat' dir='ltr'>si</span> <span class='ocrx_word' id='word_1_478' title='bbox 413 3843 505 3892; x_wconf 86' lang='lat' dir='ltr'>Suidae</span> <span class='ocrx_word' id='word_1_479' title='bbox 523 3842 593 3902; x_wconf 85' lang='lat' dir='ltr'>fides,</span> <span class='ocrx_word' id='word_1_480' title='bbox 612 3841 655 3907; x_wconf 87' lang='lat' dir='ltr'>qui</span> <span class='ocrx_word' id='word_1_481' title='bbox 671 3841 736 3890; x_wconf 93' lang='lat' dir='ltr'>inter</span> <span class='ocrx_word' id='word_1_482' title='bbox 780 3851 833 3897; x_wconf 87' lang='lat'>14¹,</span> <span class='ocrx_word' id='word_1_483' title='bbox 850 3847 871 3882; x_wconf 92' lang='lat'>11</span> <span class='ocrx_word' id='word_1_484' title='bbox 884 3851 908 3900; x_wconf 79' lang='lat' dir='ltr'>p-</span> <span class='ocrx_word' id='word_1_485' title='bbox 921 3836 979 3896; x_wconf 85' lang='lat'>514&#39;)</span> 
     </span>
     <span class='ocr_line' id='line_1_45' title="bbox 132 3916 1264 3982; baseline -0.002 -13"><span class='ocrx_word' id='word_1_486' title='bbox 132 3920 231 3970; x_wconf 84' lang='lat' dir='ltr'>fabulas</span> <span class='ocrx_word' id='word_1_487' title='bbox 243 3920 295 3969; x_wconf 90' lang='lat' dir='ltr'>eius</span> <span class='ocrx_word' id='word_1_488' title='bbox 304 3916 413 3970; x_wconf 83' lang='lat' dir='ltr'>recenset</span> <span class='ocrx_word' id='word_1_489' title='bbox 421 3921 546 3982; x_wconf 86' lang='grc' dir='ltr'>Ἡρακλῆς</span> <span class='ocrx_word' id='word_1_490' title='bbox 557 3919 735 3981; x_wconf 85' lang='grc' dir='ltr'>περικαιόμενος</span> <span class='ocrx_word' id='word_1_491' title='bbox 826 3923 853 3969; x_wconf 71' lang='grc' dir='ltr'>είς</span> <span class='ocrx_word' id='word_1_492' title='bbox 862 3923 888 3966; x_wconf 76' lang='grc' dir='ltr'>αὖ</span> <span class='ocrx_word' id='word_1_493' title='bbox 897 3923 935 3966; x_wconf 82' lang='grc' dir='ltr'>τίν’</span> <span class='ocrx_word' id='word_1_494' title='bbox 943 3924 996 3966; x_wconf 71' lang='lat' dir='ltr'>tato</span> <span class='ocrx_word' id='word_1_495' title='bbox 1005 3924 1058 3976; x_wconf 75' lang='grc' dir='ltr'>θῆκέ</span> <span class='ocrx_word' id='word_1_496' title='bbox 1066 3940 1103 3966; x_wconf 82' lang='grc' dir='ltr'>σοι</span> <span class='ocrx_word' id='word_1_497' title='bbox 1111 3925 1152 3967; x_wconf 75' lang='grc' dir='ltr'>τοῖν</span> <span class='ocrx_word' id='word_1_498' title='bbox 1159 3928 1264 3976; x_wconf 64' lang='grc' dir='ltr'>μοοτέωνι</span> 
     </span>
     <span class='ocr_line' id='line_1_46' title="bbox 134 3987 1341 4061; baseline 0.002 -32"><span class='ocrx_word' id='word_1_499' title='bbox 134 4006 160 4047; x_wconf 69' lang='lat' dir='ltr'>et</span> <span class='ocrx_word' id='word_1_500' title='bbox 172 3999 271 4056; x_wconf 61' lang='grc' dir='ltr'>Σεμέλη</span> <span class='ocrx_word' id='word_1_501' title='bbox 282 3998 455 4057; x_wconf 37' lang='lat' dir='ltr'>mamma„</span> <span class='ocrx_word' id='word_1_502' title='bbox 779 4000 782 4005; x_wconf 91' lang='grc'><em>·</em></span> <span class='ocrx_word' id='word_1_503' title='bbox 827 3987 1010 4061; x_wconf 79' lang='grc' dir='ltr'>πότεροςιίμιίνωυ</span> <span class='ocrx_word' id='word_1_504' title='bbox 1019 3987 1152 4040; x_wconf 73' lang='grc' dir='ltr'>ύμφοπέρωνς</span> <span class='ocrx_word' id='word_1_505' title='bbox 1165 3987 1341 4043; x_wconf 65' lang='grc' dir='ltr'>ἦΣτιλβίδηςρ</span> 
     </span>
     <span class='ocr_line' id='line_1_47' title="bbox 183 4067 1377 4139; baseline -0.002 -16"><span class='ocrx_word' id='word_1_506' title='bbox 183 4071 345 4139; x_wconf 72' lang='grc' dir='ltr'>Σποργίλοςῑ</span> <span class='ocrx_word' id='word_1_507' title='bbox 367 4075 458 4123; x_wconf 75' lang='lat' dir='ltr'>little.</span> <span class='ocrx_word' id='word_1_508' title='bbox 479 4075 583 4136; x_wconf 91' lang='grc' dir='ltr'>κειρύλος</span> <span class='ocrx_word' id='word_1_509' title='bbox 602 4073 650 4136; x_wconf 82' lang='grc' dir='ltr'>γόρ</span> <span class='ocrx_word' id='word_1_510' title='bbox 670 4073 736 4121; x_wconf 77' lang='grc' dir='ltr'>ἐστιν</span> <span class='ocrx_word' id='word_1_511' title='bbox 777 4067 877 4127; x_wconf 56' lang='lat' dir='ltr'>duxisti</span> <span class='ocrx_word' id='word_1_512' title='bbox 888 4068 947 4128; x_wconf 78' lang='grc' dir='ltr'>γοῦν</span> <span class='ocrx_word' id='word_1_513' title='bbox 958 4068 1075 4126; x_wconf 75' lang='grc' dir='ltr'>ἐνημμένη</span> <span class='ocrx_word' id='word_1_514' title='bbox 1090 4069 1131 4115; x_wconf 88' lang='grc' dir='ltr'>τόν</span> <span class='ocrx_word' id='word_1_515' title='bbox 1148 4068 1309 4130; x_wconf 83' lang='grc' dir='ltr'>Στιλβίδην</span> <span class='ocrx_word' id='word_1_516' title='bbox 1325 4073 1377 4121; x_wconf 85' lang='grc' dir='ltr'>πιέ-</span> 
     </span>
     <span class='ocr_line' id='line_1_48' title="bbox 133 4145 1376 4214; baseline -0.003 -14"><span class='ocrx_word' id='word_1_517' title='bbox 133 4152 211 4214; x_wconf 66' lang='lat' dir='ltr'>tipum</span> <span class='ocrx_word' id='word_1_518' title='bbox 240 4152 332 4200; x_wconf 73' lang='lat' dir='ltr'>utun.</span> <span class='ocrx_word' id='word_1_519' title='bbox 359 4154 386 4199; x_wconf 87' lang='grc' dir='ltr'>ού</span> <span class='ocrx_word' id='word_1_520' title='bbox 403 4153 453 4214; x_wconf 83' lang='grc' dir='ltr'>γάρ</span> <span class='ocrx_word' id='word_1_521' title='bbox 470 4154 529 4200; x_wconf 70' lang='grc' dir='ltr'>’έσπι</span> <span class='ocrx_word' id='word_1_522' title='bbox 549 4153 717 4213; x_wconf 90' lang='grc' dir='ltr'>Σποργίλος</span> <span class='ocrx_word' id='word_1_523' title='bbox 724 4170 735 4207; x_wconf 86' lang='grc'>,·</span> <span class='ocrx_word' id='word_1_524' title='bbox 777 4148 811 4205; x_wconf 69' lang='grc' dir='ltr'>ζει</span> <span class='ocrx_word' id='word_1_525' title='bbox 832 4146 888 4194; x_wconf 88' lang='lat' dir='ltr'>Pac.</span> <span class='ocrx_word' id='word_1_526' title='bbox 914 4159 990 4207; x_wconf 80' lang='lat'>1032:</span> <span class='ocrx_word' id='word_1_527' title='bbox 1013 4145 1108 4192; x_wconf 89' lang='lat' dir='ltr'>dixerat</span> <span class='ocrx_word' id='word_1_528' title='bbox 1130 4145 1215 4207; x_wconf 89' lang='lat' dir='ltr'>paullo</span> <span class='ocrx_word' id='word_1_529' title='bbox 1237 4154 1295 4196; x_wconf 86' lang='lat' dir='ltr'>ante</span> <span class='ocrx_word' id='word_1_530' title='bbox 1313 4149 1376 4213; x_wconf 88' lang='lat' dir='ltr'>Try·</span> 
     </span>
    </p>
   </div>
   <div class='ocr_carea' id='block_1_9' title="bbox 51 4222 1376 4292">
    <p class='ocr_par' dir='ltr' id='par_1_10' title="bbox 51 4222 1376 4292">
     <span class='ocr_line' id='line_1_49' title="bbox 51 4222 1376 4292; baseline -0.001 -15"><span class='ocrx_word' id='word_1_531' title='bbox 51 4224 54 4228; x_wconf 71' lang='grc'><strong>’</strong></span> <span class='ocrx_word' id='word_1_532' title='bbox 133 4231 183 4277; x_wconf 81' lang='lat' dir='ltr'>Av.</span> <span class='ocrx_word' id='word_1_533' title='bbox 200 4228 386 4291; x_wconf 84' lang='lat' dir='ltr'>300ubialiter</span> <span class='ocrx_word' id='word_1_534' title='bbox 402 4235 477 4292; x_wconf 86' lang='lat' dir='ltr'>atque</span> <span class='ocrx_word' id='word_1_535' title='bbox 495 4227 567 4276; x_wconf 91' lang='lat' dir='ltr'>aliter</span> <span class='ocrx_word' id='word_1_536' title='bbox 582 4229 736 4291; x_wconf 89' lang='lat' dir='ltr'>accipiuntur</span> <span class='ocrx_word' id='word_1_537' title='bbox 777 4240 852 4288; x_wconf 86' lang='lat' dir='ltr'>gaeus</span> <span class='ocrx_word' id='word_1_538' title='bbox 878 4226 988 4272; x_wconf 90' lang='lat' dir='ltr'>‘nonne</span> <span class='ocrx_word' id='word_1_539' title='bbox 1006 4222 1065 4271; x_wconf 92' lang='lat' dir='ltr'>tibi</span> <span class='ocrx_word' id='word_1_540' title='bbox 1082 4222 1188 4271; x_wconf 88' lang='lat' dir='ltr'>videor</span> <span class='ocrx_word' id='word_1_541' title='bbox 1210 4231 1240 4271; x_wconf 89' lang='lat' dir='ltr'>ut</span> <span class='ocrx_word' id='word_1_542' title='bbox 1259 4226 1376 4288; x_wconf 88' lang='lat' dir='ltr'>peritus</span> 
     </span>
    </p>
   </div>
   <div class='ocr_carea' id='block_1_10' title="bbox 132 4299 1377 4448">
    <p class='ocr_par' dir='ltr' id='par_1_11' title="bbox 132 4299 1377 4448">
     <span class='ocr_line' id='line_1_50' title="bbox 132 4299 1375 4372; baseline -0.002 -17"><span class='ocrx_word' id='word_1_543' title='bbox 132 4320 209 4355; x_wconf 84' lang='lat' dir='ltr'>voces</span> <span class='ocrx_word' id='word_1_544' title='bbox 220 4307 327 4370; x_wconf 88' lang='grc' dir='ltr'>κειρύλος</span> <span class='ocrx_word' id='word_1_545' title='bbox 337 4312 362 4355; x_wconf 89' lang='lat' dir='ltr'>et</span> <span class='ocrx_word' id='word_1_546' title='bbox 374 4306 442 4367; x_wconf 78' lang='grc' dir='ltr'>όρνις.</span> <span class='ocrx_word' id='word_1_547' title='bbox 461 4305 558 4355; x_wconf 90' lang='lat' dir='ltr'>Vocem</span> <span class='ocrx_word' id='word_1_548' title='bbox 567 4307 627 4362; x_wconf 90' lang='grc' dir='ltr'>όρνις</span> <span class='ocrx_word' id='word_1_549' title='bbox 636 4308 735 4372; x_wconf 81' lang='lat' dir='ltr'>proprie</span> <span class='ocrx_word' id='word_1_550' title='bbox 777 4302 927 4366; x_wconf 86' lang='lat' dir='ltr'>haruspex</span> <span class='ocrx_word' id='word_1_551' title='bbox 946 4300 1056 4350; x_wconf 87' lang='lat' dir='ltr'>cremia</span> <span class='ocrx_word' id='word_1_552' title='bbox 1078 4299 1213 4364; x_wconf 59' lang='lat' dir='ltr'>ponere?</span> <span class='ocrx_word' id='word_1_553' title='bbox 1231 4311 1297 4351; x_wconf 88' lang='lat' dir='ltr'>nunc</span> <span class='ocrx_word' id='word_1_554' title='bbox 1317 4321 1375 4353; x_wconf 89' lang='lat' dir='ltr'>vero</span> 
     </span>
     <span class='ocr_line' id='line_1_51' title="bbox 132 4380 1377 4448; baseline 0 -15"><span class='ocrx_word' id='word_1_555' title='bbox 132 4383 225 4447; x_wconf 88' lang='lat' dir='ltr'>accipit</span> <span class='ocrx_word' id='word_1_556' title='bbox 248 4384 352 4448; x_wconf 89' lang='lat' dir='ltr'>Euelpis</span> <span class='ocrx_word' id='word_1_557' title='bbox 359 4400 366 4445; x_wconf 83' lang='lat'><em>3</em></span> <span class='ocrx_word' id='word_1_558' title='bbox 388 4384 558 4448; x_wconf 82' lang='lat' dir='ltr'>metaphorice</span> <span class='ocrx_word' id='word_1_559' title='bbox 580 4384 735 4433; x_wconf 87' lang='lat' dir='ltr'>Pithetaerus</span> <span class='ocrx_word' id='word_1_560' title='bbox 777 4380 803 4429; x_wconf 93' lang='lat' dir='ltr'>in</span> <span class='ocrx_word' id='word_1_561' title='bbox 826 4382 915 4431; x_wconf 88' lang='lat' dir='ltr'>eodem</span> <span class='ocrx_word' id='word_1_562' title='bbox 937 4381 1070 4445; x_wconf 88' lang='lat' dir='ltr'>persistens</span> <span class='ocrx_word' id='word_1_563' title='bbox 1094 4380 1150 4427; x_wconf 90' lang='lat' dir='ltr'>ioco</span> <span class='ocrx_word' id='word_1_564' title='bbox 1177 4381 1212 4428; x_wconf 90' lang='lat' dir='ltr'>ait</span> <span class='ocrx_word' id='word_1_565' title='bbox 1243 4380 1377 4433; x_wconf 86' lang='lat' dir='ltr'>‘incensi</span> 
     </span>
    </p>
   </div>
   <div class='ocr_carea' id='block_1_11' title="bbox 735 4479 789 4531">
    <p class='ocr_par' dir='ltr' id='par_1_12' title="bbox 735 4479 789 4531">
     <span class='ocr_line' id='line_1_52' title="bbox 735 4479 789 4531; baseline 0.037 -2"><span class='ocrx_word' id='word_1_566' title='bbox 735 4479 789 4531; x_wconf 79' lang='lat'>(925)</span> 
     </span>
    </p>
   </div>
   <div class='ocr_carea' id='block_1_12' title="bbox 0 0 1636 5254">
    <p class='ocr_par' dir='ltr' id='par_1_13' title="bbox 0 0 1636 5254">
     <span class='ocr_line' id='line_1_53' title="bbox 0 0 1636 5254; baseline 0 0"><span class='ocrx_word' id='word_1_567' title='bbox 0 0 1636 5254; x_wconf 95' lang='lat' dir='ltr'> </span> 
     </span>
    </p>
   </div>
  </div>
 </body>
</html>
