3276 5268
350 858 705 959 ONOMASTICON
745 856 1174 923 ARISTOPHANEUM

372 1145 477 1207 ᾼρροςίθι·
488 1157 592 1188 versuum
605 1145 696 1186 numeri
706 1144 807 1196 speetant
817 1142 850 1184 ad
859 1142 977 1184 editrbnem
990 1142 1157 1185 Meinekriznam

179 1264 364 1333 Ἀβυδοκάρης
379 1266 446 1330 (ante
463 1265 623 1316 Dindorfium
640 1266 738 1331 legeba·
782 1265 931 1331 perstringat
942 1266 1045 1315 mollem
1056 1265 1184 1316 hominem
1195 1265 1264 1331 qnod
1278 1265 1385 1317 lautissi-

131 1353 174 1395 tur
190 1343 415 1409 ’Δβυδηνοκιίμηὴι
434 1346 617 1395 Grammaticus
632 1346 658 1394 in
676 1345 740 1395 Bek·
782 1358 850 1393 marn
877 1344 961 1393 aulam
988 1342 1086 1408 tyranni
1114 1344 1258 1409 praetulerit
1282 1346 1384 1409 patriae.

131 1423 187 1472 keri
204 1424 328 1473 Anecdot.
353 1436 371 1473 1.
393 1439 418 1487 p.
441 1436 496 1485 215,
518 1421 549 1472 62
576 1425 615 1472 καί
638 1421 738 1486 ’Atinio-
783 1422 904 1485 Quamvis
927 1422 1109 1487 Aristophanes
1131 1418 1165 1472 de
1190 1422 1261 1486 poesi
1283 1416 1336 1473 eius
1358 1426 1385 1472 in

129 1493 207 1561 κόμης
221 1501 234 1550 ὁ
248 1503 287 1550 iri
305 1501 340 1562 τῷ
357 1501 516 1561 συκοφαντεῖν
531 1501 618 1560 κομῶν·
634 1499 739 1550 τοιοῦτοι
781 1502 922 1548 universum
945 1501 1005 1553 satis
1027 1499 1163 1549 honorifice
1186 1501 1300 1549 videatur
1321 1500 1385 1549 iudi·

131 1576 184 1640 ,γάρ
195 1580 218 1628 οἱ
225 1577 369 1638 'Adveniet-z
381 1578 409 1626 fr.
420 1578 467 1628 inc.
476 1578 532 1627 cxiii
782 1590 857 1634 casse,
867 1575 989 1639 siquidem
999 1592 1055 1625 eum
1065 1577 1130 1626 Ran.
1140 1579 1169 1637 85
1180 1577 1274 1625 bonum
1283 1581 1385 1642 poetam

178 1653 307 1720 Ἀβυδοςς
335 1656 415 1718 ἔτερος
432 1654 451 1704 θ’
475 1656 536 1705 θκως
553 1656 576 1706 ἐς
599 1654 736 1717 Ἔφεσον...
775 1652 900 1716 appellat,
913 1654 992 1704 multa
1005 1661 1091 1704 tamen
1104 1661 1174 1704 erant
1189 1671 1253 1720 quae
1264 1656 1347 1705 minus
1358 1656 1385 1704 in

132 1733 192 1785 οἶδ’
214 1735 237 1783 ἐς
253 1731 364 1796 Ἄβυδον,
388 1728 581 1797 Τήρίιαίείιίο.
601 1733 636 1784 iii.
672 1732 739 1782 Vide
782 1744 812 1778 eo
830 1731 962 1794 probabat,
984 1733 1095 1796 quaein
1113 1733 1216 1782 Thesm.
1235 1749 1259 1782 υ.
1281 1735 1313 1793 48
1329 1745 1384 1798 sqq.

132 1813 252 1862 Suevem.
270 1813 297 1860 in
318 1814 410 1862 Comm.
432 1812 461 1860 de
478 1811 561 1861 Ντιθθ.
579 1827 603 1876 p.
625 1811 657 1873 84
675 1810 737 1860 νενς.
781 1808 900 1857 indicavit
914 1825 959 1873 per
969 1809 1089 1859 famulum
1101 1810 1249 1875 Agathonis,
1263 1811 1386 1875 quibona

66 1954 70 1961 1
130 1893 210 1955 Angl,
256 1890 259 1893 ’
363 1892 366 1896 “
468 1889 472 1896 ’
504 1905 507 1911 ’
781 1886 858 1935 verba
874 1886 950 1948 iubet,
965 1888 1034 1952 quod
1050 1889 1124 1938 herus
1140 1889 1166 1938 in
1184 1904 1284 1939 scenam
1301 1889 1386 1953 prodi·

113 1995 137 2004 v·
178 1967 313 2033 Ἀγάθωνι
336 1969 480 2018 Proximum
498 1976 555 2033 post
575 1975 623 2019 tres
640 1975 736 2033 tragos·
779 1970 850 2012 turus
867 1964 913 2026 sit;
930 1966 1016 2025 μέλλει
1032 1967 1081 2029 γάρ
1096 1967 1109 2015 θ
1125 1969 1258 2027 καλλιεπὴς
1272 1965 1388 2028 Ἀγάθων

130 2047 187 2096 diae
198 2047 322 2111 principes
339 2046 423 2095 locum
437 2047 489 2096 iure
505 2063 551 2096 suo
569 2046 679 2111 postulat
697 2045 737 2095 vel
782 2043 896 2104 δρυόχους
907 2044 998 2092 τιθέναι
1009 2045 1128 2107 δράματος
1144 2045 1228 2107 ἀρχάς,
1244 2045 1350 2104 κάμπτει
1360 2046 1387 2104 δὲ

129 2124 212 2177 iudice
237 2123 406 2188 Aristophane
427 2125 470 2188 qui
492 2140 549 2173 eum
571 2124 636 2172 inter
657 2124 737 2173 bonos
778 2120 1022 2184 νέαςάφΐθαςίπῶν·
1037 2124 1070 2171 τθ
1086 2124 1270 2184 atrapatinse
1287 2124 1313 2172 de
1331 2126 1386 2173 κολ-

129 2204 219 2266 poetas
232 2203 353 2251 recenset.
388 2202 553 2251 Forma'erat
569 2201 685 2251 muliebri
702 2202 737 2249 ιθ·
780 2199 887 2258 λομελεῖ,
918 2200 958 2247 καί
978 2202 1135 2262 γνωμοτυπεῖ
1155 2201 1323 2260 καντονομάζιι
1345 2202 1387 2252 καί

131 2279 267 2341 πράσωπος,
280 2276 373 2336 torte,
390 2281 536 2343 ἐξυρημένος,
550 2275 734 2342 γυναικοφωνος,
781 2278 958 2339 κηροχινεΐκαί
965 2279 1103 2340 γογγύλλει
1112 2280 1152 2327 καί
1160 2281 1278 2340 χοανεύει.
1297 2280 1387 2345 Carpit

130 2352 237 2418 οπαλθς,
259 2354 381 2420 εὗπρεπης
398 2360 462 2418 treta
482 2359 530 2408 Th.
552 2372 598 2423 913
619 2358 658 2407 cui
678 2357 737 2406 conss
781 2355 839 2404 eum
850 2354 925 2419 igitur
935 2355 1004 2419 quod
1021 2353 1132 2405 didtione
1142 2363 1227 2405 utatur
1242 2357 1318 2406 nimis
1330 2357 1388 2407 arti·

130 2434 199 2495 venit
224 2434 276 2485 eius
303 2435 391 2497 cultus,
415 2435 491 2484 habet
517 2435 584 2484 enim
612 2431 734 2498 στροφιον,
781 2430 867 2481 ficiosa
879 2432 965 2481 limata
981 2440 1006 2482 et
1023 2433 1136 2497 quaesita
1147 2440 1172 2483 et
1190 2432 1330 2484 deledietur
1339 2441 1387 2484 usti

131 2509 261 2576 κροκωτίτν,
284 2509 447 2576 Ῑκεκρίνφαλον,
476 2512 563 2575 μίτραν
589 2520 615 2561 et
642 2512 738 2576 reliqua
781 2507 916 2572 figurarum
933 2511 1122 2572 rhetoricarum,
1140 2512 1209 2575 quod
1226 2528 1277 2561 non
1295 2513 1387 2561 miran-

130 2606 195 2655 quae
212 2591 246 2640 ad
265 2590 359 2640 cultum
374 2590 506 2639 mulierum
522 2590 653 2654 pertinent,
672 2605 737 2654 quae
781 2585 842 2634 dum
849 2586 875 2634 in
883 2586 985 2636 homine
992 2587 1035 2650 qui
1042 2587 1276 2652 studiosesophistis
1283 2593 1386 2653 operam

129 2668 190 2718 ride
199 2666 335 2730 250-265,
346 2675 474 2733 praeterea
484 2667 640 2718 novaculam.
664 2666 737 2716 Sum·
782 2664 885 2714 dederat
905 2664 954 2728 (Cf.
975 2664 1076 2713 Platon.
1098 2666 1206 2729 Sympor.
1225 2681 1252 2730 p.
1274 2669 1344 2731 1980
1361 2674 1387 2717 et

129 2761 199 2796 mam
216 2747 301 2810 itaque
319 2746 343 2795 ei
361 2745 494 2795 mollitiem
512 2745 596 2804 obicit,
620 2760 696 2810 quam
713 2745 738 2796 ei
777 2742 911 2805 Protagor.
933 2757 959 2806 p.
985 2743 1080 2804 31512).
1123 2743 1250 2808 Imprimis
1271 2746 1388 2795 ἀντίθετα

129 2824 156 2874 in
181 2824 299 2887 Gnytade
318 2839 419 2889 quoque
439 2823 501 2873 vitio
524 2826 626 2873 vertisse
648 2820 738 2873 audior
781 2818 819 2868 illi
844 2820 872 2869 in
894 2819 990 2870 deliciis
1017 2821 1097 2870 fuisse
1116 2821 1242 2884 videntur,
1264 2838 1329 2887 quae
1355 2823 1387 2873 eft

130 2908 169 2952 est
188 2902 330 2952 Scholiasta
348 2901 383 2951 ad
406 2901 510 2951 Luciani
528 2900 629 2950 Κίτιον.
651 2901 735 2952 Praec.
779 2897 892 2961 Gorgiae
913 2900 1052 2963 praeceptis
1072 2899 1197 2963 captabat,
1218 2901 1287 2965 quod
1304 2902 1387 2951 osteri-

130 2979 199 3044 apud
221 2979 368 3028 Cramernm
390 2978 482 3027 Anecd.
504 2979 538 3029 iv.
561 2993 586 3042 p.
611 2976 737 3043 τάφροι
781 2977 819 3025 dit
838 2976 1024 3040 Aristophanes
1039 2976 1133 3040 ipsein
1148 2977 1250 3028 Thesm.
1269 2977 1339 3042 β’ίτ.
1352 2981 1387 3028 vii

129 3055 253 3123 Ἁγάθων
273 3059 411 3120 τραγῳδίας
433 3059 534 3117 ποιητὴς
557 3059 589 3107 είς
615 3059 737 3116 μαλακίαν
781 3053 836 3103 κατ’
853 3052 976 3115 ’Δγάθων
993 3054 1117 3103 ἀντίθετον
1133 3056 1387 3118 ίξηυρημένονεῌίθε

132 3137 300 3189 σκωπτόμενος
312 3133 488 3198 ’Δριστοφάνεο
501 3136 537 3195 τῷ
555 3135 690 3196 Γηρυτάδη·
708 3133 738 3195 ἥν
781 3131 907 3182 Athenae.
920 3144 947 3181 v.
961 3147 987 3196 p.
1003 3133 1086 3196 1870:
1104 3133 1217 3194 χλευάζοι
1233 3135 1277 3192 μὲν
1294 3135 1327 3182 τά
1337 3134 1402 3184 loit-¹

133 3214 160 3262 δὲ
185 3214 321 3272 Τισαμενοῦ
338 3214 383 3261 τοῦ
404 3211 532 3272 Ἀθηναίου
555 3212 610 3273 υίθς,
637 3214 738 3263 παιδικὰ
780 3213 850 3259 κωλα
867 3210 900 3259 τὰ
914 3207 1067 3274 Ἀγάθωνος
1087 3212 1127 3260 καί
1146 3212 1271 3272 άντίθετα;
1288 3212 1387 3262 Aelian.

129 3287 236 3352 γεγονὼς
259 3290 399 3338 Παυσανίου
420 3291 465 3338 τοῦ
486 3291 612 3353 τραγικοί,
633 3289 686 3350 μεθ’
708 3289 738 3340 οὖ
787 3290 936 3345 Var.,Hist.
961 3301 1013 3338 xlv
1038 3303 1067 3351 13
1091 3292 1185 3340 πολλὸν
1207 3292 1389 3342 καῖ’πολλάκις

130 3367 188 3429 πρὸς
200 3365 338 3428 ῗΑρηηέλαον
353 3368 512 3430 τὸνβασιλέα
523 3366 612 3429 ᾤχετο,
626 3368 657 3417 ὠς
669 3369 738 3430 Μαρ-
780 3370 871 3430 χρῆται
888 3370 939 3419 τοῖς
955 3369 1087 3420 ἀντιθέτοις
1101 3371 1114 3419 θ
1129 3367 1250 3434 Ἀγάθων
1267 3373 1343 3421 κ.’τ.λ.
1363 3378 1388 3421 et

130 3443 215 3493 σύαςθ
229 3446 353 3507 νεώτερος·
371 3446 478 3505 ἐμιμεῖτο
494 3447 578 3505 δὲτὴν
593 3446 737 3509 κομψότητα
780 3445 844 3494 conf.
863 3445 892 3496 sr.
911 3448 960 3496 inc.
978 3457 1024 3509 327
1044 3463 1069 3512 p.
1091 3450 1138 3511 758
1161 3449 1277 3511 ἐκφέρετε
1298 3450 1389 3498 versas

130 3522 174 3580 τῆς
190 3522 277 3581 λέξεως
293 3523 395 3585 Γοργίου
408 3524 452 3573 τοῦ
467 3523 574 3586 ρήτορος,
589 3523 620 3573 ὡς
631 3523 738 3572 Πλάτων
782 3522 836 3571 κατ’
853 3520 995 3588 Ἀγάθωνα
1012 3525 1167 3588 φωσφόρους)
1179 3533 1206 3576 et
1220 3526 1280 3576 satis
1292 3532 1389 3578 constat

133 3597 293 3660 θφιλθσοφοι
309 3601 450 3662 Συμποσίῳ.
484 3600 568 3649 Multo
584 3604 683 3665 gravius
700 3607 737 3650 est
783 3614 816 3648 ex
838 3599 993 3664 fragmentis.
1027 3601 1214 3666 Aristophanes
1232 3608 1315 3652 autem
1336 3607 1389 3652 'non

56 3702 61 3707 -
130 3676 199 3740 quod
211 3692 269 3726 eum
281 3679 447 3741 ιθρθπρωκτον
457 3678 555 3727 vocavit
566 3679 615 3727 Th.
630 3689 669 3742 35,
679 3677 736 3729 206.
779 3677 842 3729 satis
860 3677 948 3727 habuit
963 3679 1034 3742 quasi
1050 3680 1185 3743 imaginem
1201 3680 1254 3730 eius
1270 3679 1389 3731 didtionis

132 3754 163 3803 In
183 3755 263 3804 Ranis
274 3755 348 3816 v..84
365 3755 477 3806 Bacchus
494 3756 607 3820 queritur
623 3756 737 3821 Agatho·
780 3769 922 3820 proponere
938 3755 983 3804 sed
1000 3755 1102 3819 insuper
1118 3756 1259 3807 imitatione
1276 3773 1331 3806 eam
1347 3773 1388 3806 ex·

131 3847 189 3881 nem
201 3832 296 3894 θνγαθθν
307 3835 410 3893 ποιητὴν
420 3834 461 3882 καί
472 3834 582 3883 ποθεινὸν
591 3835 642 3883 τοΐς
658 3834 738 3895 φίλοις
780 3830 869 3894 pressit
890 3845 947 3879 oum
964 3830 991 3878 in
1008 3834 1061 3882 eius
1079 3838 1192 3881 sermone
1211 3833 1323 3892 (Thesm.
1342 3832 1388 3894 146

129 3909 212 3973 ipsum
224 3910 360 3960 deseruisse
371 3918 396 3960 et
407 3908 548 3975 profestum
560 3927 613 3961 esse
625 3913 649 3961 ἐς
659 3911 737 3970 μακά·
778 3911 855 3974 sqq.),
873 3917 928 3959 tum
945 3910 972 3959 in
987 3910 1097 3961 carmine
1111 3911 1180 3975 quod
1195 3926 1253 3960 eum
1269 3913 1296 3958 in
1313 3921 1388 3962 scena

129 4004 178 4045 ρων
197 3987 307 4048 εὐωχίαν,
331 3988 358 4038 in
380 4003 487 4052 quorum
510 3989 643 4038 verborum
662 3988 738 4038 inter·
779 3987 1260 4050 meditantemsecitThesm.too-130.
1275 3989 1387 4052 Ipsesci·

130 4066 270 4127 pretatione
291 4067 344 4114 iam
361 4072 457 4115 veteres
477 4068 625 4131 interpretes
644 4066 738 4116 dissen-
780 4065 839 4119 licet
851 4065 971 4129 Agathon
983 4066 1049 4116 foras
1062 4066 1154 4130 prodit,
1168 4081 1252 4117 secum
1263 4066 1388 4118 meditans

131 4140 210 4191 tiuntr
228 4140 271 4190 alii
291 4143 358 4191 enim
373 4150 464 4207 putant
481 4143 520 4192 his
532 4143 618 4197 ,alludi
634 4143 668 4197 ad
686 4143 738 4193 eius
781 4148 890 4203 carmen,
905 4143 931 4192 in
942 4160 993 4208 quo
1006 4145 1184 4208 praedicantur
1192 4143 1279 4193 laudes
1292 4145 1388 4195 Phoebi

131 4225 245 4283 mortem,
256 4219 299 4268 alii
308 4220 343 4268 'ad
351 4224 404 4270 eius
413 4221 635 4273 commorationem
646 4220 738 4274 inaula
779 4222 881 4276 Dianae
901 4228 926 4271 et
944 4222 1072 4270 Latonae:
1085 4236 1197 4272 *carmen
1220 4221 1328 4271 divisum
1351 4230 1389 4273 est

133 4296 252 4345 Archelai
281 4312 338 4346 cum
366 4313 416 4363 qua
444 4298 558 4348 Athenas
585 4303 737 4352 mutaverat:
782 4298 847 4347 inter
857 4295 969 4347 adtorem
981 4304 1006 4347 et
1018 4297 1128 4358 chorum,
1143 4313 1249 4361 quorum
1261 4301 1389 4364 utriusque

132 4373 259 4423 Bacchum
267 4373 342 4437 igitur
350 4390 397 4438 pro
405 4376 428 4425 ἐς
435 4376 551 4437 μακάρων
557 4375 641 4434 νήσους
647 4374 738 4423 dixisse
782 4385 865 4441 partes
877 4392 940 4425 unus
952 4375 1072 4438 Agathon
1084 4376 1110 4423 in
1122 4391 1196 4426 scena
1207 4378 1258 4440 agit
1265 4393 1272 4437 ς
1289 4385 1390 4442 praeter

128 4449 185 4514 παρ’
195 4452 318 4509 ’ὑπόνοιαν
328 4454 353 4502 ἐς
365 4454 481 4516 μακάρων
492 4455 602 4515 εὐωχίαν,
615 4460 644 4503 ut
655 4455 739 4505 iocose
781 4452 901 4508 ¹dictionis
912 4452 1061 4517 elegantiam
1078 4453 1141 4503 nihil
1158 4454 1296 4508 admodum
1311 4455 1389 4508 habet

730 4551 782 4609 (τις)
