<?xml version="1.0" encoding="UTF-8"?>
<!DOCTYPE html PUBLIC "-//W3C//DTD XHTML 1.0 Transitional//EN"
    "http://www.w3.org/TR/xhtml1/DTD/xhtml1-transitional.dtd">
<html xmlns="http://www.w3.org/1999/xhtml" xml:lang="en" lang="en">
 <head>
  <title>
</title>
<meta http-equiv="Content-Type" content="text/html;charset=utf-8" />
  <meta name='ocr-system' content='tesseract 3.04.00' />
  <meta name='ocr-capabilities' content='ocr_page ocr_carea ocr_par ocr_line ocrx_word'/>
</head>
<body>
  <div class='ocr_page' id='page_1' title='image "./onomasticonaris00holdgoog_0094.png"; bbox 0 0 3262 5254; ppageno 0'>
   <div class='ocr_carea' id='block_1_1' title="bbox 690 454 805 522">
    <p class='ocr_par' dir='ltr' id='par_1_1' title="bbox 690 454 805 522">
     <span class='ocr_line' id='line_1_1' title="bbox 690 454 805 522; baseline 0.017 -2"><span class='ocrx_word' id='word_1_1' title='bbox 690 454 805 522; x_wconf 75' lang='grc' dir='ltr'>Κλέων</span> 
     </span>
    </p>
   </div>
   <div class='ocr_carea' id='block_1_2' title="bbox 118 627 1407 1318">
    <p class='ocr_par' dir='ltr' id='par_1_2' title="bbox 118 627 1407 1318">
     <span class='ocr_line' id='line_1_2' title="bbox 119 627 1369 697; baseline 0.004 -21"><span class='ocrx_word' id='word_1_2' title='bbox 119 627 270 692; x_wconf 85' lang='lat' dir='ltr'>Eademque</span> <span class='ocrx_word' id='word_1_3' title='bbox 292 635 372 678; x_wconf 89' lang='lat' dir='ltr'>totam</span> <span class='ocrx_word' id='word_1_4' title='bbox 395 643 440 692; x_wconf 89' lang='lat' dir='ltr'>per</span> <span class='ocrx_word' id='word_1_5' title='bbox 462 627 619 677; x_wconf 83' lang='lat' dir='ltr'>comoediam</span> <span class='ocrx_word' id='word_1_6' title='bbox 647 627 727 677; x_wconf 88' lang='lat' dir='ltr'>redire</span> <span class='ocrx_word' id='word_1_7' title='bbox 766 627 1048 692; x_wconf 90' lang='lat' dir='ltr'>DeniqueThucydides</span> <span class='ocrx_word' id='word_1_8' title='bbox 1056 628 1369 697; x_wconf 67' lang='lat' dir='ltr'>mussasexposui&#39;t,prop2</span> 
     </span>
     <span class='ocr_line' id='line_1_3' title="bbox 118 705 1365 772; baseline 0.002 -18"><span class='ocrx_word' id='word_1_9' title='bbox 118 707 241 756; x_wconf 90' lang='lat' dir='ltr'>videmus.</span> <span class='ocrx_word' id='word_1_10' title='bbox 261 708 380 756; x_wconf 91' lang='lat' dir='ltr'>Ceterum</span> <span class='ocrx_word' id='word_1_11' title='bbox 392 706 490 770; x_wconf 86' lang='lat' dir='ltr'>deipsa</span> <span class='ocrx_word' id='word_1_12' title='bbox 498 705 542 756; x_wconf 86' lang='lat' dir='ltr'>illa</span> <span class='ocrx_word' id='word_1_13' title='bbox 553 706 724 769; x_wconf 85' lang='lat' dir='ltr'>promissione,</span> <span class='ocrx_word' id='word_1_14' title='bbox 766 711 803 753; x_wconf 89' lang='lat' dir='ltr'>ter</span> <span class='ocrx_word' id='word_1_15' title='bbox 817 720 879 768; x_wconf 83' lang='lat' dir='ltr'>quas</span> <span class='ocrx_word' id='word_1_16' title='bbox 895 713 919 755; x_wconf 91' lang='lat' dir='ltr'>et</span> <span class='ocrx_word' id='word_1_17' title='bbox 935 706 1010 756; x_wconf 90' lang='lat' dir='ltr'>Cleo</span> <span class='ocrx_word' id='word_1_18' title='bbox 1027 715 1052 756; x_wconf 90' lang='lat' dir='ltr'>et</span> <span class='ocrx_word' id='word_1_19' title='bbox 1070 707 1185 758; x_wconf 90' lang='lat' dir='ltr'>Brasidas</span> <span class='ocrx_word' id='word_1_20' title='bbox 1198 724 1286 772; x_wconf 82' lang='lat' dir='ltr'>pacem</span> <span class='ocrx_word' id='word_1_21' title='bbox 1298 724 1365 758; x_wconf 90' lang='lat' dir='ltr'>com·</span> 
     </span>
     <span class='ocr_line' id='line_1_4' title="bbox 118 782 1369 848; baseline 0.004 -16"><span class='ocrx_word' id='word_1_22' title='bbox 118 784 185 832; x_wconf 88' lang='lat' dir='ltr'>intra</span> <span class='ocrx_word' id='word_1_23' title='bbox 204 785 296 848; x_wconf 87' lang='lat' dir='ltr'>viginti</span> <span class='ocrx_word' id='word_1_24' title='bbox 310 785 364 833; x_wconf 93' lang='lat' dir='ltr'>dies</span> <span class='ocrx_word' id='word_1_25' title='bbox 379 784 492 832; x_wconf 88' lang='lat' dir='ltr'>Lacones</span> <span class='ocrx_word' id='word_1_26' title='bbox 511 782 624 832; x_wconf 79' lang='lat' dir='ltr'><strong>Athenas</strong></span> <span class='ocrx_word' id='word_1_27' title='bbox 640 789 727 846; x_wconf 91' lang='lat' dir='ltr'>captos</span> <span class='ocrx_word' id='word_1_28' title='bbox 765 798 858 846; x_wconf 90' lang='lat' dir='ltr'>ponere</span> <span class='ocrx_word' id='word_1_29' title='bbox 869 783 1015 845; x_wconf 86' lang='lat' dir='ltr'>noluissent,</span> <span class='ocrx_word' id='word_1_30' title='bbox 1028 785 1063 834; x_wconf 90' lang='lat' dir='ltr'>ita</span> <span class='ocrx_word' id='word_1_31' title='bbox 1074 785 1117 835; x_wconf 85' lang='lat' dir='ltr'>lib.</span> <span class='ocrx_word' id='word_1_32' title='bbox 1130 798 1149 833; x_wconf 86' lang='lat' dir='ltr'>v</span> <span class='ocrx_word' id='word_1_33' title='bbox 1160 802 1182 835; x_wconf 90' lang='lat' dir='ltr'>c.</span> <span class='ocrx_word' id='word_1_34' title='bbox 1198 785 1234 847; x_wconf 89' lang='lat'>16,</span> <span class='ocrx_word' id='word_1_35' title='bbox 1249 787 1262 836; x_wconf 89' lang='grc' dir='ltr'>δ</span> <span class='ocrx_word' id='word_1_36' title='bbox 1272 787 1317 846; x_wconf 80' lang='grc' dir='ltr'>μὲν</span> <span class='ocrx_word' id='word_1_37' title='bbox 1326 788 1369 839; x_wconf 73' lang='grc' dir='ltr'>διδ,</span> 
     </span>
     <span class='ocr_line' id='line_1_5' title="bbox 119 858 1364 927; baseline 0.001 -17"><span class='ocrx_word' id='word_1_38' title='bbox 119 861 251 910; x_wconf 80' lang='lat' dir='ltr'>adserendi</span> <span class='ocrx_word' id='word_1_39' title='bbox 277 877 330 910; x_wconf 89' lang='lat' dir='ltr'>non</span> <span class='ocrx_word' id='word_1_40' title='bbox 357 860 440 909; x_wconf 90' lang='lat' dir='ltr'>solum</span> <span class='ocrx_word' id='word_1_41' title='bbox 469 861 632 921; x_wconf 82' lang='grc' dir='ltr'>κουφολογίαν</span> <span class='ocrx_word' id='word_1_42' title='bbox 659 858 728 920; x_wconf 85' lang='lat' dir='ltr'>(Plu-</span> <span class='ocrx_word' id='word_1_43' title='bbox 766 861 794 909; x_wconf 93' lang='grc' dir='ltr'>τό</span> <span class='ocrx_word' id='word_1_44' title='bbox 805 861 913 922; x_wconf 82' lang='grc' dir='ltr'>εύπυχεΐν</span> <span class='ocrx_word' id='word_1_45' title='bbox 924 879 953 910; x_wconf 84' lang='grc' dir='ltr'>τι</span> <span class='ocrx_word' id='word_1_46' title='bbox 964 865 1003 911; x_wconf 80' lang='grc' dir='ltr'>καί</span> <span class='ocrx_word' id='word_1_47' title='bbox 1015 864 1134 923; x_wconf 75' lang='grc' dir='ltr'>τιμᾶσθαι</span> <span class='ocrx_word' id='word_1_48' title='bbox 1145 866 1172 913; x_wconf 86' lang='grc' dir='ltr'>έκ</span> <span class='ocrx_word' id='word_1_49' title='bbox 1187 865 1231 913; x_wconf 74' lang='grc' dir='ltr'>τοῦ</span> <span class='ocrx_word' id='word_1_50' title='bbox 1241 864 1364 927; x_wconf 77' lang='grc' dir='ltr'>πολεμεῖν,</span> 
     </span>
     <span class='ocr_line' id='line_1_6' title="bbox 119 939 1369 1006; baseline 0 -15"><span class='ocrx_word' id='word_1_51' title='bbox 119 943 199 992; x_wconf 87' lang='lat' dir='ltr'>tarch.</span> <span class='ocrx_word' id='word_1_52' title='bbox 219 944 250 991; x_wconf 82' lang='lat' dir='ltr'>de</span> <span class='ocrx_word' id='word_1_53' title='bbox 269 943 392 1006; x_wconf 71' lang='lat' dir='ltr'>molrgnri‘.</span> <span class='ocrx_word' id='word_1_54' title='bbox 415 942 536 991; x_wconf 82' lang='lat' dir='ltr'>Herodoti</span> <span class='ocrx_word' id='word_1_55' title='bbox 554 957 581 1005; x_wconf 90' lang='lat' dir='ltr'>p.</span> <span class='ocrx_word' id='word_1_56' title='bbox 604 943 661 1003; x_wconf 77' lang='lat'><strong>855)</strong></span> <span class='ocrx_word' id='word_1_57' title='bbox 681 939 724 989; x_wconf 83' lang='lat' dir='ltr'>sed</span> <span class='ocrx_word' id='word_1_58' title='bbox 765 939 816 988; x_wconf 85' lang='grc' dir='ltr'>δδέ</span> <span class='ocrx_word' id='word_1_59' title='bbox 825 941 953 1001; x_wconf 80' lang='grc' dir='ltr'>γενομένης</span> <span class='ocrx_word' id='word_1_60' title='bbox 963 941 1066 1003; x_wconf 81' lang='grc' dir='ltr'>ἡσυχίας</span> <span class='ocrx_word' id='word_1_61' title='bbox 1077 944 1287 1005; x_wconf 85' lang='grc' dir='ltr'>καταφανέστερος</span> <span class='ocrx_word' id='word_1_62' title='bbox 1302 941 1369 1001; x_wconf 65' lang='grc' dir='ltr'>νομίέ</span> 
     </span>
     <span class='ocr_line' id='line_1_7' title="bbox 119 1017 1367 1083; baseline 0 -14"><span class='ocrx_word' id='word_1_63' title='bbox 119 1022 197 1070; x_wconf 91' lang='lat' dir='ltr'>etiam</span> <span class='ocrx_word' id='word_1_64' title='bbox 216 1021 305 1080; x_wconf 85' lang='grc' dir='ltr'>μανίαν</span> <span class='ocrx_word' id='word_1_65' title='bbox 326 1020 363 1068; x_wconf 89' lang='lat' dir='ltr'>illi</span> <span class='ocrx_word' id='word_1_66' title='bbox 383 1019 543 1083; x_wconf 91' lang='lat' dir='ltr'>exprobravit</span> <span class='ocrx_word' id='word_1_67' title='bbox 565 1018 726 1082; x_wconf 89' lang='lat' dir='ltr'>Thucydides</span> <span class='ocrx_word' id='word_1_68' title='bbox 765 1017 810 1074; x_wconf 71' lang='grc' dir='ltr'>ζων</span> <span class='ocrx_word' id='word_1_69' title='bbox 822 1018 850 1065; x_wconf 85' lang='grc' dir='ltr'>δν</span> <span class='ocrx_word' id='word_1_70' title='bbox 862 1018 921 1066; x_wconf 80' lang='grc' dir='ltr'>εἶναι</span> <span class='ocrx_word' id='word_1_71' title='bbox 937 1021 1077 1081; x_wconf 82' lang='grc' dir='ltr'>κακουργῶν</span> <span class='ocrx_word' id='word_1_72' title='bbox 1093 1022 1133 1068; x_wconf 81' lang='grc' dir='ltr'>καί</span> <span class='ocrx_word' id='word_1_73' title='bbox 1148 1020 1305 1083; x_wconf 72' lang='grc' dir='ltr'>ἀπιστότερος</span> <span class='ocrx_word' id='word_1_74' title='bbox 1317 1021 1367 1069; x_wconf 81' lang='grc' dir='ltr'>δια·</span> 
     </span>
     <span class='ocr_line' id='line_1_8' title="bbox 120 1094 1368 1162; baseline 0.003 -17"><span class='ocrx_word' id='word_1_75' title='bbox 120 1109 152 1145; x_wconf 84' lang='grc' dir='ltr'>ιν</span> <span class='ocrx_word' id='word_1_76' title='bbox 171 1112 203 1162; x_wconf 73' lang='grc'>39</span> <span class='ocrx_word' id='word_1_77' title='bbox 224 1098 311 1158; x_wconf 84' lang='grc' dir='ltr'>καίτερ</span> <span class='ocrx_word' id='word_1_78' title='bbox 331 1097 450 1155; x_wconf 86' lang='grc' dir='ltr'>μανιώδης</span> <span class='ocrx_word' id='word_1_79' title='bbox 472 1097 533 1144; x_wconf 83' lang='grc' dir='ltr'>οδσιι</span> <span class='ocrx_word' id='word_1_80' title='bbox 555 1094 571 1154; x_wconf 84' lang='grc' dir='ltr'><em>ἡ</em></span> <span class='ocrx_word' id='word_1_81' title='bbox 594 1095 726 1156; x_wconf 77' lang='grc' dir='ltr'>ὑπόσχεσις</span> <span class='ocrx_word' id='word_1_82' title='bbox 764 1096 871 1159; x_wconf 78' lang='grc' dir='ltr'>βαλλων,</span> <span class='ocrx_word' id='word_1_83' title='bbox 902 1096 1006 1160; x_wconf 85' lang='lat' dir='ltr'>Optime</span> <span class='ocrx_word' id='word_1_84' title='bbox 1021 1105 1045 1146; x_wconf 91' lang='lat' dir='ltr'>et</span> <span class='ocrx_word' id='word_1_85' title='bbox 1059 1099 1291 1149; x_wconf 89' lang='lat' dir='ltr'>accuratissimehis</span> <span class='ocrx_word' id='word_1_86' title='bbox 1308 1115 1368 1149; x_wconf 89' lang='lat' dir='ltr'>con·</span> 
     </span>
     <span class='ocr_line' id='line_1_9' title="bbox 121 1172 1365 1240; baseline 0.003 -19"><span class='ocrx_word' id='word_1_87' title='bbox 121 1175 221 1234; x_wconf 74' lang='grc' dir='ltr'>ἀπέβης</span> <span class='ocrx_word' id='word_1_88' title='bbox 239 1173 422 1237; x_wconf 80' lang='lat' dir='ltr'>Aristophanes</span> <span class='ocrx_word' id='word_1_89' title='bbox 433 1180 517 1222; x_wconf 90' lang='lat' dir='ltr'>autem</span> <span class='ocrx_word' id='word_1_90' title='bbox 528 1173 563 1222; x_wconf 92' lang='lat' dir='ltr'>ita</span> <span class='ocrx_word' id='word_1_91' title='bbox 573 1172 671 1222; x_wconf 88' lang='lat' dir='ltr'>locutus</span> <span class='ocrx_word' id='word_1_92' title='bbox 765 1173 867 1222; x_wconf 88' lang='lat' dir='ltr'>veniunt</span> <span class='ocrx_word' id='word_1_93' title='bbox 884 1189 949 1237; x_wconf 86' lang='lat' dir='ltr'>quae</span> <span class='ocrx_word' id='word_1_94' title='bbox 964 1174 1057 1238; x_wconf 90' lang='lat' dir='ltr'>ubique</span> <span class='ocrx_word' id='word_1_95' title='bbox 1075 1176 1257 1240; x_wconf 84' lang='lat' dir='ltr'>Aristophanes</span> <span class='ocrx_word' id='word_1_96' title='bbox 1273 1177 1365 1226; x_wconf 87' lang='lat' dir='ltr'>tradit:</span> 
     </span>
     <span class='ocr_line' id='line_1_10' title="bbox 119 1250 1407 1318; baseline 0.001 -16"><span class='ocrx_word' id='word_1_97' title='bbox 119 1254 726 1313; x_wconf 72' lang='grc' dir='ltr'>τοῦτόγιτοιΠαφλαγδνναρικινδύνινοιμιθνοθιίε,</span> <span class='ocrx_word' id='word_1_98' title='bbox 765 1250 835 1299; x_wconf 91' lang='lat' dir='ltr'>nullo</span> <span class='ocrx_word' id='word_1_99' title='bbox 868 1258 952 1300; x_wconf 91' lang='lat' dir='ltr'>autem</span> <span class='ocrx_word' id='word_1_100' title='bbox 983 1251 1040 1301; x_wconf 90' lang='lat' dir='ltr'>loco</span> <span class='ocrx_word' id='word_1_101' title='bbox 1073 1254 1181 1317; x_wconf 85' lang='lat' dir='ltr'>apertius</span> <span class='ocrx_word' id='word_1_102' title='bbox 1212 1269 1288 1317; x_wconf 88' lang='lat' dir='ltr'>quam</span> <span class='ocrx_word' id='word_1_103' title='bbox 1316 1270 1368 1318; x_wconf 91' lang='lat' dir='ltr'>quo</span> <span class='ocrx_word' id='word_1_104' title='bbox 1400 1284 1407 1307; x_wconf 64' lang='grc' dir='ltr'>ι</span> 
     </span>
    </p>
   </div>
   <div class='ocr_carea' id='block_1_3' title="bbox 120 1330 1367 1401">
    <p class='ocr_par' dir='ltr' id='par_1_3' title="bbox 120 1330 1367 1401">
     <span class='ocr_line' id='line_1_11' title="bbox 120 1330 1367 1401; baseline -0.002 -15"><span class='ocrx_word' id='word_1_105' title='bbox 120 1337 181 1387; x_wconf 92' lang='lat' dir='ltr'>vino</span> <span class='ocrx_word' id='word_1_106' title='bbox 193 1352 340 1401; x_wconf 88' lang='lat' dir='ltr'>oppressum</span> <span class='ocrx_word' id='word_1_107' title='bbox 353 1352 411 1384; x_wconf 93' lang='lat' dir='ltr'>eum</span> <span class='ocrx_word' id='word_1_108' title='bbox 426 1335 501 1384; x_wconf 83' lang='lat' dir='ltr'>fuisse</span> <span class='ocrx_word' id='word_1_109' title='bbox 517 1333 647 1399; x_wconf 85' lang='lat' dir='ltr'>significat.</span> <span class='ocrx_word' id='word_1_110' title='bbox 682 1334 725 1382; x_wconf 91' lang='lat' dir='ltr'>Ad</span> <span class='ocrx_word' id='word_1_111' title='bbox 765 1330 928 1394; x_wconf 84' lang='lat' dir='ltr'>Agoracritus</span> <span class='ocrx_word' id='word_1_112' title='bbox 946 1347 977 1380; x_wconf 90' lang='lat' dir='ltr'>ex</span> <span class='ocrx_word' id='word_1_113' title='bbox 996 1347 1027 1380; x_wconf 90' lang='lat' dir='ltr'>eo</span> <span class='ocrx_word' id='word_1_114' title='bbox 1044 1333 1189 1396; x_wconf 85' lang='lat' dir='ltr'>quaesierat,</span> <span class='ocrx_word' id='word_1_115' title='bbox 1213 1349 1257 1382; x_wconf 92' lang='lat' dir='ltr'>cur</span> <span class='ocrx_word' id='word_1_116' title='bbox 1271 1333 1367 1383; x_wconf 88' lang='lat' dir='ltr'>bellum</span> 
     </span>
    </p>
   </div>
   <div class='ocr_carea' id='block_1_4' title="bbox 67 1411 725 1944">
    <p class='ocr_par' dir='ltr' id='par_1_4' title="bbox 67 1411 725 1944">
     <span class='ocr_line' id='line_1_12' title="bbox 120 1411 724 1480; baseline -0.008 -16"><span class='ocrx_word' id='word_1_117' title='bbox 120 1416 228 1464; x_wconf 85' lang='lat' dir='ltr'>eandem</span> <span class='ocrx_word' id='word_1_118' title='bbox 238 1431 290 1464; x_wconf 91' lang='lat' dir='ltr'>rem</span> <span class='ocrx_word' id='word_1_119' title='bbox 298 1430 372 1480; x_wconf 87' lang='lat' dir='ltr'>quern</span> <span class='ocrx_word' id='word_1_120' title='bbox 380 1413 499 1478; x_wconf 83' lang='lat' dir='ltr'>graphice</span> <span class='ocrx_word' id='word_1_121' title='bbox 507 1412 620 1477; x_wconf 87' lang='lat' dir='ltr'>depinxit</span> <span class='ocrx_word' id='word_1_122' title='bbox 627 1411 724 1474; x_wconf 89' lang='lat' dir='ltr'>Thucy·</span> 
     </span>
     <span class='ocr_line' id='line_1_13' title="bbox 120 1487 721 1557; baseline -0.007 -16"><span class='ocrx_word' id='word_1_123' title='bbox 120 1493 193 1542; x_wconf 87' lang='lat' dir='ltr'>dides</span> <span class='ocrx_word' id='word_1_124' title='bbox 213 1505 243 1541; x_wconf 86' lang='lat' dir='ltr'>tv</span> <span class='ocrx_word' id='word_1_125' title='bbox 263 1504 356 1557; x_wconf 78' lang='lat' dir='ltr'>27sqq.</span> <span class='ocrx_word' id='word_1_126' title='bbox 370 1492 409 1553; x_wconf 82' lang='lat' dir='ltr'>(cf.</span> <span class='ocrx_word' id='word_1_127' title='bbox 429 1491 537 1540; x_wconf 91' lang='lat' dir='ltr'>Diodor.</span> <span class='ocrx_word' id='word_1_128' title='bbox 557 1489 607 1539; x_wconf 90' lang='lat' dir='ltr'>Sic.</span> <span class='ocrx_word' id='word_1_129' title='bbox 626 1501 669 1538; x_wconf 84' lang='lat' dir='ltr'>xit</span> <span class='ocrx_word' id='word_1_130' title='bbox 681 1487 721 1549; x_wconf 88' lang='grc' dir='ltr'>6ο,</span> 
     </span>
     <span class='ocr_line' id='line_1_14' title="bbox 120 1568 725 1635; baseline -0.005 -17"><span class='ocrx_word' id='word_1_131' title='bbox 120 1568 171 1633; x_wconf 70' lang='grc'>63),</span> <span class='ocrx_word' id='word_1_132' title='bbox 194 1577 229 1631; x_wconf 86' lang='lat' dir='ltr'>ut,</span> <span class='ocrx_word' id='word_1_133' title='bbox 251 1582 385 1635; x_wconf 88' lang='lat' dir='ltr'>postquam</span> <span class='ocrx_word' id='word_1_134' title='bbox 408 1568 588 1617; x_wconf 86' lang='lat' dir='ltr'>Demosthenis</span> <span class='ocrx_word' id='word_1_135' title='bbox 606 1582 683 1631; x_wconf 90' lang='lat' dir='ltr'>opera</span> <span class='ocrx_word' id='word_1_136' title='bbox 700 1574 725 1615; x_wconf 94' lang='lat' dir='ltr'>et</span> 
     </span>
     <span class='ocr_line' id='line_1_15' title="bbox 119 1643 725 1710; baseline -0.003 -15"><span class='ocrx_word' id='word_1_137' title='bbox 119 1647 213 1695; x_wconf 89' lang='lat' dir='ltr'>virtute</span> <span class='ocrx_word' id='word_1_138' title='bbox 235 1663 273 1695; x_wconf 93' lang='lat' dir='ltr'>res</span> <span class='ocrx_word' id='word_1_139' title='bbox 299 1647 349 1695; x_wconf 87' lang='lat' dir='ltr'>iam</span> <span class='ocrx_word' id='word_1_140' title='bbox 372 1646 405 1694; x_wconf 83' lang='lat' dir='ltr'>ad</span> <span class='ocrx_word' id='word_1_141' title='bbox 436 1644 646 1710; x_wconf 87' lang='lat' dir='ltr'>expugnationem</span> <span class='ocrx_word' id='word_1_142' title='bbox 670 1643 725 1707; x_wconf 90' lang='lat' dir='ltr'>Pyli</span> 
     </span>
     <span class='ocr_line' id='line_1_16' title="bbox 67 1718 725 1793; baseline -0.006 -18"><span class='ocrx_word' id='word_1_143' title='bbox 67 1786 71 1793; x_wconf 18' lang='grc' dir='ltr'>ι</span> <span class='ocrx_word' id='word_1_144' title='bbox 118 1723 234 1775; x_wconf 75' lang='grc' dir='ltr'>αιίᾱιιόὶα</span> <span class='ocrx_word' id='word_1_145' title='bbox 245 1718 316 1784; x_wconf 80' lang='lat' dir='ltr'>esset,</span> <span class='ocrx_word' id='word_1_146' title='bbox 326 1724 402 1774; x_wconf 87' lang='lat' dir='ltr'>Cleo</span> <span class='ocrx_word' id='word_1_147' title='bbox 412 1722 581 1788; x_wconf 87' lang='lat' dir='ltr'>supervenerit</span> <span class='ocrx_word' id='word_1_148' title='bbox 593 1730 617 1771; x_wconf 91' lang='lat' dir='ltr'>et</span> <span class='ocrx_word' id='word_1_149' title='bbox 629 1722 725 1771; x_wconf 88' lang='lat' dir='ltr'>alienae</span> 
     </span>
     <span class='ocr_line' id='line_1_17' title="bbox 119 1799 721 1865; baseline -0.005 -14"><span class='ocrx_word' id='word_1_150' title='bbox 119 1803 204 1851; x_wconf 82' lang='lat' dir='ltr'>famae</span> <span class='ocrx_word' id='word_1_151' title='bbox 215 1799 297 1850; x_wconf 73' lang='lat' dir='ltr'>irudtu</span> <span class='ocrx_word' id='word_1_152' title='bbox 311 1801 406 1865; x_wconf 88' lang='lat' dir='ltr'>potitus</span> <span class='ocrx_word' id='word_1_153' title='bbox 417 1800 524 1849; x_wconf 89' lang='lat' dir='ltr'>insulam</span> <span class='ocrx_word' id='word_1_154' title='bbox 535 1800 721 1865; x_wconf 84' lang='lat' dir='ltr'>expugnaverit,</span> 
     </span>
     <span class='ocr_line' id='line_1_18' title="bbox 119 1878 350 1944; baseline 0.004 -15"><span class='ocrx_word' id='word_1_155' title='bbox 119 1878 238 1944; x_wconf 73' lang='lat' dir='ltr'>spectant</span> <span class='ocrx_word' id='word_1_156' title='bbox 250 1881 276 1929; x_wconf 91' lang='lat' dir='ltr'>hi</span> <span class='ocrx_word' id='word_1_157' title='bbox 287 1880 350 1930; x_wconf 84' lang='lat' dir='ltr'>loci:</span> 
     </span>
    </p>
   </div>
   <div class='ocr_carea' id='block_1_5' title="bbox 120 1960 622 2138">
    <p class='ocr_par' dir='ltr' id='par_1_5' title="bbox 120 1960 622 2138">
     <span class='ocr_line' id='line_1_19' title="bbox 120 1960 621 2034; baseline -0.002 -10"><span class='ocrx_word' id='word_1_158' title='bbox 120 1960 169 2024; x_wconf 79' lang='lat' dir='ltr'>En·</span> <span class='ocrx_word' id='word_1_159' title='bbox 185 1975 282 2025; x_wconf 77' lang='lat' dir='ltr'>54an-</span> <span class='ocrx_word' id='word_1_160' title='bbox 529 2019 535 2034; x_wconf 82' lang='lat'><em>‚</em></span> <span class='ocrx_word' id='word_1_161' title='bbox 612 2020 621 2033; x_wconf 74' lang='grc'>,</span> 
     </span>
     <span class='ocr_line' id='line_1_20' title="bbox 490 2019 622 2074; baseline 0.008 -13"><span class='ocrx_word' id='word_1_162' title='bbox 490 2036 561 2074; x_wconf 77' lang='grc' dir='ltr'>πρωην</span> <span class='ocrx_word' id='word_1_163' title='bbox 571 2019 622 2071; x_wconf 69' lang='lat' dir='ltr'>ipso</span> 
     </span>
     <span class='ocr_line' id='line_1_21' title="bbox 171 2083 622 2138; baseline -0.009 -10"><span class='ocrx_word' id='word_1_164' title='bbox 171 2086 241 2138; x_wconf 76' lang='grc' dir='ltr'>μᾶζαν</span> <span class='ocrx_word' id='word_1_165' title='bbox 248 2086 367 2138; x_wconf 75' lang='grc' dir='ltr'><strong>μεμαχότος</strong></span> <span class='ocrx_word' id='word_1_166' title='bbox 374 2085 397 2127; x_wconf 77' lang='grc' dir='ltr'>δν</span> <span class='ocrx_word' id='word_1_167' title='bbox 405 2086 490 2138; x_wconf 69' lang='grc' dir='ltr'>πυέλῳ</span> <span class='ocrx_word' id='word_1_168' title='bbox 496 2083 622 2135; x_wconf 79' lang='grc' dir='ltr'>λακωνικήν,</span> 
     </span>
    </p>
   </div>
   <div class='ocr_carea' id='block_1_6' title="bbox 171 2147 660 2271">
    <p class='ocr_par' dir='ltr' id='par_1_6' title="bbox 171 2147 660 2271">
     <span class='ocr_line' id='line_1_22' title="bbox 171 2147 660 2202; baseline -0.006 -10"><span class='ocrx_word' id='word_1_169' title='bbox 171 2148 378 2202; x_wconf 69' lang='grc' dir='ltr'>πανουργότατάπως</span> <span class='ocrx_word' id='word_1_170' title='bbox 387 2147 528 2201; x_wconf 69' lang='grc' dir='ltr'>παραδραμεῖν</span> <span class='ocrx_word' id='word_1_171' title='bbox 533 2147 660 2200; x_wconf 71' lang='grc' dir='ltr'>ὑφαρπάσας</span> 
     </span>
     <span class='ocr_line' id='line_1_23' title="bbox 172 2211 648 2271; baseline -0.004 -16"><span class='ocrx_word' id='word_1_172' title='bbox 172 2214 237 2271; x_wconf 73' lang='grc' dir='ltr'>αὐτὸς</span> <span class='ocrx_word' id='word_1_173' title='bbox 244 2214 344 2266; x_wconf 77' lang='grc' dir='ltr'>παρέθηκε</span> <span class='ocrx_word' id='word_1_174' title='bbox 352 2211 391 2266; x_wconf 85' lang='grc' dir='ltr'>τήν</span> <span class='ocrx_word' id='word_1_175' title='bbox 398 2211 433 2254; x_wconf 73' lang='grc' dir='ltr'>ὑπ’</span> <span class='ocrx_word' id='word_1_176' title='bbox 442 2211 493 2264; x_wconf 69' lang='lat' dir='ltr'>turi</span> <span class='ocrx_word' id='word_1_177' title='bbox 501 2213 648 2264; x_wconf 77' lang='grc' dir='ltr'>μεμαγμένηνὶ</span> 
     </span>
    </p>
   </div>
   <div class='ocr_carea' id='block_1_7' title="bbox 120 2308 665 2505">
    <p class='ocr_par' dir='ltr' id='par_1_7' title="bbox 120 2308 665 2505">
     <span class='ocr_line' id='line_1_24' title="bbox 120 2308 378 2384; baseline -0.016 -12"><span class='ocrx_word' id='word_1_178' title='bbox 120 2308 169 2372; x_wconf 80' lang='lat' dir='ltr'>Eq-</span> <span class='ocrx_word' id='word_1_179' title='bbox 187 2319 217 2369; x_wconf 81' lang='grc' dir='ltr'>ιι</span> <span class='ocrx_word' id='word_1_180' title='bbox 368 2360 378 2384; x_wconf 74' lang='grc'>,</span> 
     </span>
     <span class='ocr_line' id='line_1_25' title="bbox 424 2385 586 2439; baseline -0.019 -11"><span class='ocrx_word' id='word_1_181' title='bbox 424 2385 469 2439; x_wconf 81' lang='grc' dir='ltr'>ἔχει</span> <span class='ocrx_word' id='word_1_182' title='bbox 477 2387 501 2428; x_wconf 84' lang='grc' dir='ltr'>τδ</span> <span class='ocrx_word' id='word_1_183' title='bbox 510 2386 586 2431; x_wconf 79' lang='grc' dir='ltr'>σκέλος</span> 
     </span>
     <span class='ocr_line' id='line_1_26' title="bbox 172 2447 665 2505; baseline -0.004 -12"><span class='ocrx_word' id='word_1_184' title='bbox 172 2452 198 2493; x_wconf 85' lang='grc' dir='ltr'>τδ</span> <span class='ocrx_word' id='word_1_185' title='bbox 206 2452 246 2502; x_wconf 73' lang='grc' dir='ltr'>μὲν</span> <span class='ocrx_word' id='word_1_186' title='bbox 253 2450 276 2493; x_wconf 73' lang='lat' dir='ltr'>iv</span> <span class='ocrx_word' id='word_1_187' title='bbox 285 2451 359 2505; x_wconf 77' lang='grc' dir='ltr'>Πύλῳ</span> <span class='ocrx_word' id='word_1_188' title='bbox 367 2450 416 2492; x_wconf 80' lang='grc' dir='ltr'>τόδ’</span> <span class='ocrx_word' id='word_1_189' title='bbox 426 2449 496 2502; x_wconf 71' lang='grc' dir='ltr'>ἕτερον</span> <span class='ocrx_word' id='word_1_190' title='bbox 504 2449 527 2492; x_wconf 76' lang='grc' dir='ltr'>ἐν</span> <span class='ocrx_word' id='word_1_191' title='bbox 535 2447 665 2504; x_wconf 70' lang='grc' dir='ltr'>τήκκλησίαι</span> 
     </span>
    </p>
   </div>
   <div class='ocr_carea' id='block_1_8' title="bbox 120 2532 289 2595">
    <p class='ocr_par' dir='ltr' id='par_1_8' title="bbox 120 2532 289 2595">
     <span class='ocr_line' id='line_1_27' title="bbox 120 2532 289 2595; baseline 0 0"><span class='ocrx_word' id='word_1_192' title='bbox 120 2532 156 2580; x_wconf 84' lang='lat' dir='ltr'>ib·</span> <span class='ocrx_word' id='word_1_193' title='bbox 171 2542 227 2595; x_wconf 72' lang='grc' dir='ltr'>τις,</span> <span class='ocrx_word' id='word_1_194' title='bbox 243 2545 289 2595; x_wconf 82' lang='lat'>39²</span> 
     </span>
    </p>
   </div>
   <div class='ocr_carea' id='block_1_9' title="bbox 118 2613 665 2933">
    <p class='ocr_par' dir='ltr' id='par_1_9' title="bbox 119 2613 643 2758">
     <span class='ocr_line' id='line_1_28' title="bbox 172 2613 643 2671; baseline 0.006 -13"><span class='ocrx_word' id='word_1_195' title='bbox 172 2617 225 2671; x_wconf 82' lang='grc' dir='ltr'>ι’νήρ</span> <span class='ocrx_word' id='word_1_196' title='bbox 234 2615 303 2668; x_wconf 67' lang='grc' dir='ltr'>ἔδοξεν</span> <span class='ocrx_word' id='word_1_197' title='bbox 310 2613 364 2659; x_wconf 73' lang='lat' dir='ltr'>sivae</span> <span class='ocrx_word' id='word_1_198' title='bbox 372 2616 497 2669; x_wconf 74' lang='grc' dir='ltr'>τάλλότριον</span> <span class='ocrx_word' id='word_1_199' title='bbox 505 2614 564 2669; x_wconf 74' lang='grc' dir='ltr'>α’μόν</span> <span class='ocrx_word' id='word_1_200' title='bbox 572 2615 643 2669; x_wconf 66' lang='lat' dir='ltr'>Nocti</span> 
     </span>
     <span class='ocr_line' id='line_1_29' title="bbox 119 2694 568 2758; baseline -0.009 -12"><span class='ocrx_word' id='word_1_201' title='bbox 119 2698 154 2746; x_wconf 88' lang='lat' dir='ltr'>ib.</span> <span class='ocrx_word' id='word_1_202' title='bbox 169 2709 216 2758; x_wconf 71' lang='grc' dir='ltr'>γοα</span> <span class='ocrx_word' id='word_1_203' title='bbox 527 2708 530 2713; x_wconf 80' lang='grc'><em>·</em></span> <span class='ocrx_word' id='word_1_204' title='bbox 566 2694 568 2699; x_wconf 75' lang='lat'>&#39;</span> 
     </span>
    </p>

    <p class='ocr_par' dir='ltr' id='par_1_10' title="bbox 118 2780 665 2933">
     <span class='ocr_line' id='line_1_30' title="bbox 172 2780 665 2835; baseline -0.004 -10"><span class='ocrx_word' id='word_1_205' title='bbox 172 2783 245 2825; x_wconf 74' lang='grc' dir='ltr'>οἷπολοῖ</span> <span class='ocrx_word' id='word_1_206' title='bbox 253 2784 279 2825; x_wconf 73' lang='lat' dir='ltr'>oi</span> <span class='ocrx_word' id='word_1_207' title='bbox 288 2783 312 2835; x_wconf 81' lang='grc' dir='ltr'>νή</span> <span class='ocrx_word' id='word_1_208' title='bbox 320 2781 359 2835; x_wconf 85' lang='grc' dir='ltr'>τήν</span> <span class='ocrx_word' id='word_1_209' title='bbox 367 2781 477 2835; x_wconf 83' lang='grc' dir='ltr'>προοδρίαν</span> <span class='ocrx_word' id='word_1_210' title='bbox 485 2780 523 2834; x_wconf 89' lang='grc' dir='ltr'>τήν</span> <span class='ocrx_word' id='word_1_211' title='bbox 531 2780 555 2824; x_wconf 85' lang='grc' dir='ltr'>εἰς</span> <span class='ocrx_word' id='word_1_212' title='bbox 563 2782 665 2824; x_wconf 71' lang='grc' dir='ltr'>Πύλονὶ</span> 
     </span>
     <span class='ocr_line' id='line_1_31' title="bbox 118 2860 517 2933; baseline -0.008 -21"><span class='ocrx_word' id='word_1_213' title='bbox 118 2865 154 2933; x_wconf 82' lang='lat' dir='ltr'>ib.</span> <span class='ocrx_word' id='word_1_214' title='bbox 171 2874 218 2926; x_wconf 70' lang='grc' dir='ltr'>ρης</span> <span class='ocrx_word' id='word_1_215' title='bbox 231 2862 263 2911; x_wconf 91' lang='lat' dir='ltr'>de</span> <span class='ocrx_word' id='word_1_216' title='bbox 273 2877 300 2911; x_wconf 89' lang='lat' dir='ltr'>se</span> <span class='ocrx_word' id='word_1_217' title='bbox 310 2860 431 2924; x_wconf 84' lang='lat' dir='ltr'>gloriatur</span> <span class='ocrx_word' id='word_1_218' title='bbox 442 2860 517 2910; x_wconf 89' lang='lat' dir='ltr'>Cleo</span> 
     </span>
    </p>
   </div>
   <div class='ocr_carea' id='block_1_10' title="bbox 119 2948 728 4508">
    <p class='ocr_par' dir='ltr' id='par_1_11' title="bbox 119 2948 728 4508">
     <span class='ocr_line' id='line_1_32' title="bbox 222 2948 703 3004; baseline -0.008 -10"><span class='ocrx_word' id='word_1_219' title='bbox 222 2952 263 2994; x_wconf 74' lang='grc' dir='ltr'>τῶν</span> <span class='ocrx_word' id='word_1_220' title='bbox 271 2951 392 3004; x_wconf 76' lang='grc' dir='ltr'>στρατηγῶν</span> <span class='ocrx_word' id='word_1_221' title='bbox 400 2948 603 3003; x_wconf 74' lang='grc' dir='ltr'>δποδραμνίντοδνύις</span> <span class='ocrx_word' id='word_1_222' title='bbox 612 2949 703 2991; x_wconf 85' lang='grc' dir='ltr'>Πύλου</span> 
     </span>
     <span class='ocr_line' id='line_1_33' title="bbox 170 3012 604 3067; baseline -0.012 -8"><span class='ocrx_word' id='word_1_223' title='bbox 170 3017 266 3061; x_wconf 78' lang='grc' dir='ltr'>πλεύσας</span> <span class='ocrx_word' id='word_1_224' title='bbox 274 3015 342 3057; x_wconf 74' lang='grc' dir='ltr'>ἐκεῖσε</span> <span class='ocrx_word' id='word_1_225' title='bbox 350 3016 398 3059; x_wconf 80' lang='grc' dir='ltr'>τοὺς</span> <span class='ocrx_word' id='word_1_226' title='bbox 406 3014 506 3058; x_wconf 76' lang='grc' dir='ltr'>Λάκωνας</span> <span class='ocrx_word' id='word_1_227' title='bbox 513 3012 604 3067; x_wconf 80' lang='grc' dir='ltr'>ήγαγον;</span> 
     </span>
     <span class='ocr_line' id='line_1_34' title="bbox 119 3080 485 3145; baseline -0.014 -13"><span class='ocrx_word' id='word_1_228' title='bbox 119 3085 154 3132; x_wconf 87' lang='lat' dir='ltr'>ib.</span> <span class='ocrx_word' id='word_1_229' title='bbox 171 3096 233 3144; x_wconf 74' lang='lat'><strong>1052</strong></span> <span class='ocrx_word' id='word_1_230' title='bbox 246 3081 346 3145; x_wconf 86' lang='lat' dir='ltr'>fingitur</span> <span class='ocrx_word' id='word_1_231' title='bbox 357 3080 485 3130; x_wconf 88' lang='lat' dir='ltr'>oraculum</span> 
     </span>
     <span class='ocr_line' id='line_1_35' title="bbox 171 3165 707 3225; baseline -0.011 -11"><span class='ocrx_word' id='word_1_232' title='bbox 171 3173 221 3215; x_wconf 67' lang='grc' dir='ltr'>ἄλλ’</span> <span class='ocrx_word' id='word_1_233' title='bbox 229 3171 301 3225; x_wconf 78' lang='grc' dir='ltr'>ἱέρακα</span> <span class='ocrx_word' id='word_1_234' title='bbox 308 3171 367 3222; x_wconf 84' lang='grc' dir='ltr'>φίλει</span> <span class='ocrx_word' id='word_1_235' title='bbox 375 3170 504 3221; x_wconf 75' lang='grc' dir='ltr'>μεμνημένος</span> <span class='ocrx_word' id='word_1_236' title='bbox 512 3168 535 3210; x_wconf 79' lang='grc' dir='ltr'>έν</span> <span class='ocrx_word' id='word_1_237' title='bbox 543 3167 626 3220; x_wconf 85' lang='grc' dir='ltr'>φρεσίν,</span> <span class='ocrx_word' id='word_1_238' title='bbox 635 3165 662 3211; x_wconf 81' lang='grc' dir='ltr'>ὥς</span> <span class='ocrx_word' id='word_1_239' title='bbox 671 3181 707 3208; x_wconf 88' lang='grc' dir='ltr'>σοι</span> 
     </span>
     <span class='ocr_line' id='line_1_36' title="bbox 170 3232 669 3291; baseline -0.012 -12"><span class='ocrx_word' id='word_1_240' title='bbox 170 3237 237 3291; x_wconf 85' lang='grc' dir='ltr'>ἤγαγε</span> <span class='ocrx_word' id='word_1_241' title='bbox 245 3235 351 3287; x_wconf 78' lang='grc' dir='ltr'>συνδήσας</span> <span class='ocrx_word' id='word_1_242' title='bbox 359 3233 527 3283; x_wconf 82' lang='grc' dir='ltr'>Λακεδαιμονίων</span> <span class='ocrx_word' id='word_1_243' title='bbox 536 3232 669 3284; x_wconf 71' lang='grc' dir='ltr'>κορακίνονςτ</span> 
     </span>
     <span class='ocr_line' id='line_1_37' title="bbox 120 3320 298 3382; baseline -0.017 -13"><span class='ocrx_word' id='word_1_244' title='bbox 120 3321 155 3369; x_wconf 90' lang='lat' dir='ltr'>ib.</span> <span class='ocrx_word' id='word_1_245' title='bbox 173 3320 236 3380; x_wconf 83' lang='lat'><strong>1058</strong></span> <span class='ocrx_word' id='word_1_246' title='bbox 245 3334 298 3382; x_wconf 89' lang='lat' dir='ltr'>sqq.</span> 
     </span>
     <span class='ocr_line' id='line_1_38' title="bbox 121 3390 724 3457; baseline -0.015 -10"><span class='ocrx_word' id='word_1_247' title='bbox 121 3399 182 3446; x_wconf 91' lang='lat' dir='ltr'>Alio</span> <span class='ocrx_word' id='word_1_248' title='bbox 200 3397 258 3446; x_wconf 89' lang='lat' dir='ltr'>loco</span> <span class='ocrx_word' id='word_1_249' title='bbox 276 3403 300 3444; x_wconf 90' lang='lat' dir='ltr'>et</span> <span class='ocrx_word' id='word_1_250' title='bbox 320 3394 411 3443; x_wconf 88' lang='lat' dir='ltr'>seriore</span> <span class='ocrx_word' id='word_1_251' title='bbox 429 3400 541 3457; x_wconf 90' lang='lat' dir='ltr'>tempore</span> <span class='ocrx_word' id='word_1_252' title='bbox 559 3390 683 3455; x_wconf 81' lang='lat' dir='ltr'>ignaviam</span> <span class='ocrx_word' id='word_1_253' title='bbox 699 3397 724 3438; x_wconf 91' lang='lat' dir='ltr'>et</span> 
     </span>
     <span class='ocr_line' id='line_1_39' title="bbox 120 3468 724 3541; baseline -0.012 -17"><span class='ocrx_word' id='word_1_254' title='bbox 120 3474 273 3541; x_wconf 88' lang='lat' dir='ltr'>imperitiam</span> <span class='ocrx_word' id='word_1_255' title='bbox 291 3472 402 3522; x_wconf 90' lang='lat' dir='ltr'>Cleoni</span> <span class='ocrx_word' id='word_1_256' title='bbox 418 3469 580 3533; x_wconf 86' lang='lat' dir='ltr'>Thucydides</span> <span class='ocrx_word' id='word_1_257' title='bbox 591 3468 724 3533; x_wconf 88' lang='lat' dir='ltr'>exprobra-</span> 
     </span>
     <span class='ocr_line' id='line_1_40' title="bbox 120 3546 724 3602; baseline -0.015 0"><span class='ocrx_word' id='word_1_258' title='bbox 120 3555 164 3602; x_wconf 91' lang='lat' dir='ltr'>vit.</span> <span class='ocrx_word' id='word_1_259' title='bbox 201 3552 268 3601; x_wconf 89' lang='lat' dir='ltr'>Cum</span> <span class='ocrx_word' id='word_1_260' title='bbox 280 3550 347 3599; x_wconf 88' lang='lat' dir='ltr'>enirn</span> <span class='ocrx_word' id='word_1_261' title='bbox 363 3549 455 3597; x_wconf 91' lang='lat' dir='ltr'>milites</span> <span class='ocrx_word' id='word_1_262' title='bbox 471 3551 498 3595; x_wconf 93' lang='lat' dir='ltr'>in</span> <span class='ocrx_word' id='word_1_263' title='bbox 511 3546 619 3594; x_wconf 89' lang='lat' dir='ltr'>Thracia</span> <span class='ocrx_word' id='word_1_264' title='bbox 631 3546 656 3594; x_wconf 91' lang='lat' dir='ltr'>in</span> <span class='ocrx_word' id='word_1_265' title='bbox 667 3561 724 3594; x_wconf 91' lang='lat' dir='ltr'>eum</span> 
     </span>
     <span class='ocr_line' id='line_1_41' title="bbox 121 3624 724 3691; baseline -0.017 -10"><span class='ocrx_word' id='word_1_266' title='bbox 121 3631 304 3687; x_wconf 90' lang='lat' dir='ltr'>inveherentur,</span> <span class='ocrx_word' id='word_1_267' title='bbox 317 3627 461 3691; x_wconf 84' lang='lat' dir='ltr'>cogitabant</span> <span class='ocrx_word' id='word_1_268' title='bbox 470 3624 598 3689; x_wconf 89' lang='lat' dir='ltr'>imprimis,</span> <span class='ocrx_word' id='word_1_269' title='bbox 610 3632 637 3673; x_wconf 91' lang='lat' dir='ltr'>ut</span> <span class='ocrx_word' id='word_1_270' title='bbox 648 3624 724 3672; x_wconf 88' lang='lat' dir='ltr'>histo-</span> 
     </span>
     <span class='ocr_line' id='line_1_42' title="bbox 120 3702 726 3773; baseline -0.018 -15"><span class='ocrx_word' id='word_1_271' title='bbox 120 3714 187 3773; x_wconf 85' lang='lat' dir='ltr'>ricus</span> <span class='ocrx_word' id='word_1_272' title='bbox 206 3709 248 3765; x_wconf 88' lang='lat' dir='ltr'>ait,</span> <span class='ocrx_word' id='word_1_273' title='bbox 270 3709 314 3766; x_wconf 81' lang='grc' dir='ltr'>τήν</span> <span class='ocrx_word' id='word_1_274' title='bbox 334 3705 422 3754; x_wconf 79' lang='grc' dir='ltr'>ἐκείνου</span> <span class='ocrx_word' id='word_1_275' title='bbox 444 3704 573 3766; x_wconf 65' lang='grc' dir='ltr'>ἡγεμονίαν</span> <span class='ocrx_word' id='word_1_276' title='bbox 595 3702 653 3763; x_wconf 85' lang='grc' dir='ltr'>πρός</span> <span class='ocrx_word' id='word_1_277' title='bbox 675 3702 726 3748; x_wconf 72' lang='lat' dir='ltr'>olor</span> 
     </span>
     <span class='ocr_line' id='line_1_43' title="bbox 121 3781 728 3849; baseline -0.016 -13"><span class='ocrx_word' id='word_1_278' title='bbox 121 3787 248 3849; x_wconf 77' lang='grc' dir='ltr'>ἐμπειρίαν</span> <span class='ocrx_word' id='word_1_279' title='bbox 266 3785 306 3832; x_wconf 85' lang='grc' dir='ltr'>καί</span> <span class='ocrx_word' id='word_1_280' title='bbox 320 3784 414 3841; x_wconf 89' lang='grc' dir='ltr'>τόλμαν</span> <span class='ocrx_word' id='word_1_281' title='bbox 431 3781 484 3840; x_wconf 84' lang='grc' dir='ltr'>μεθ’</span> <span class='ocrx_word' id='word_1_282' title='bbox 500 3781 549 3829; x_wconf 75' lang='lat' dir='ltr'>olas</span> <span class='ocrx_word' id='word_1_283' title='bbox 566 3781 728 3846; x_wconf 58' lang='lat' dir='ltr'>diciturenim-¹</span> 
     </span>
     <span class='ocr_line' id='line_1_44' title="bbox 121 3857 725 3924; baseline -0.017 -10"><span class='ocrx_word' id='word_1_284' title='bbox 121 3868 194 3924; x_wconf 88' lang='grc' dir='ltr'>σύνης</span> <span class='ocrx_word' id='word_1_285' title='bbox 203 3865 243 3911; x_wconf 86' lang='grc' dir='ltr'>καί</span> <span class='ocrx_word' id='word_1_286' title='bbox 250 3863 371 3920; x_wconf 74' lang='grc' dir='ltr'>μαλακίας</span> <span class='ocrx_word' id='word_1_287' title='bbox 379 3861 517 3922; x_wconf 84' lang='grc' dir='ltr'>γενήσοιτο.</span> <span class='ocrx_word' id='word_1_288' title='bbox 535 3858 633 3907; x_wconf 89' lang='lat' dir='ltr'>Similia</span> <span class='ocrx_word' id='word_1_289' title='bbox 642 3857 725 3905; x_wconf 85' lang='lat' dir='ltr'>multis</span> 
     </span>
     <span class='ocr_line' id='line_1_45' title="bbox 120 3936 726 4003; baseline -0.015 -12"><span class='ocrx_word' id='word_1_290' title='bbox 120 3943 186 3993; x_wconf 90' lang='lat' dir='ltr'>locis</span> <span class='ocrx_word' id='word_1_291' title='bbox 198 3941 317 3991; x_wconf 90' lang='lat' dir='ltr'>Comicus</span> <span class='ocrx_word' id='word_1_292' title='bbox 329 3941 479 4003; x_wconf 88' lang='lat' dir='ltr'>pronuntiat.</span> <span class='ocrx_word' id='word_1_293' title='bbox 506 3938 546 3985; x_wconf 91' lang='lat' dir='ltr'>Ita</span> <span class='ocrx_word' id='word_1_294' title='bbox 554 3953 577 3985; x_wconf 92' lang='lat' dir='ltr'>v.</span> <span class='ocrx_word' id='word_1_295' title='bbox 589 3937 637 3999; x_wconf 82' lang='lat'>389</span> <span class='ocrx_word' id='word_1_296' title='bbox 647 3936 726 3983; x_wconf 84' lang='grc' dir='ltr'>δειλὸν</span> 
     </span>
     <span class='ocr_line' id='line_1_46' title="bbox 122 4014 726 4084; baseline -0.012 -15"><span class='ocrx_word' id='word_1_297' title='bbox 122 4023 238 4084; x_wconf 78' lang='grc' dir='ltr'>εὑρήσεις,</span> <span class='ocrx_word' id='word_1_298' title='bbox 262 4019 385 4069; x_wconf 87' lang='lat' dir='ltr'>exclamat</span> <span class='ocrx_word' id='word_1_299' title='bbox 406 4017 503 4076; x_wconf 90' lang='lat' dir='ltr'>chorus,</span> <span class='ocrx_word' id='word_1_300' title='bbox 530 4016 579 4077; x_wconf 75' lang='grc' dir='ltr'>ἐγὼ</span> <span class='ocrx_word' id='word_1_301' title='bbox 600 4014 649 4075; x_wconf 79' lang='grc' dir='ltr'>γὰρ</span> <span class='ocrx_word' id='word_1_302' title='bbox 671 4015 726 4062; x_wconf 77' lang='grc' dir='ltr'>τοὺς</span> 
     </span>
     <span class='ocr_line' id='line_1_47' title="bbox 122 4091 726 4160; baseline -0.013 -13"><span class='ocrx_word' id='word_1_303' title='bbox 122 4101 226 4160; x_wconf 88' lang='grc' dir='ltr'>τρόπους</span> <span class='ocrx_word' id='word_1_304' title='bbox 245 4098 379 4154; x_wconf 79' lang='grc' dir='ltr'>ἐπίσταμαι</span> <span class='ocrx_word' id='word_1_305' title='bbox 385 4113 392 4156; x_wconf 83' lang='grc'><strong>;</strong></span> <span class='ocrx_word' id='word_1_306' title='bbox 410 4101 435 4144; x_wconf 91' lang='lat' dir='ltr'>et</span> <span class='ocrx_word' id='word_1_307' title='bbox 455 4110 512 4143; x_wconf 86' lang='lat' dir='ltr'>cum</span> <span class='ocrx_word' id='word_1_308' title='bbox 529 4093 604 4142; x_wconf 87' lang='lat' dir='ltr'>Cleo</span> <span class='ocrx_word' id='word_1_309' title='bbox 620 4092 651 4140; x_wconf 91' lang='lat' dir='ltr'>de</span> <span class='ocrx_word' id='word_1_310' title='bbox 664 4091 726 4154; x_wconf 91' lang='lat' dir='ltr'>Pylo</span> 
     </span>
     <span class='ocr_line' id='line_1_48' title="bbox 122 4171 726 4241; baseline -0.015 -15"><span class='ocrx_word' id='word_1_311' title='bbox 122 4182 266 4241; x_wconf 83' lang='lat' dir='ltr'>expugnata</span> <span class='ocrx_word' id='word_1_312' title='bbox 281 4174 435 4238; x_wconf 88' lang='lat' dir='ltr'>gloriaretur,</span> <span class='ocrx_word' id='word_1_313' title='bbox 450 4171 612 4236; x_wconf 88' lang='lat' dir='ltr'>Agoracritus</span> <span class='ocrx_word' id='word_1_314' title='bbox 626 4184 726 4233; x_wconf 91' lang='lat' dir='ltr'>respon·</span> 
     </span>
     <span class='ocr_line' id='line_1_49' title="bbox 122 4251 461 4318; baseline -0.015 -15"><span class='ocrx_word' id='word_1_315' title='bbox 122 4254 164 4303; x_wconf 87' lang='lat' dir='ltr'>det</span> <span class='ocrx_word' id='word_1_316' title='bbox 178 4254 273 4318; x_wconf 86' lang='lat' dir='ltr'>(Equit.</span> <span class='ocrx_word' id='word_1_317' title='bbox 291 4251 461 4313; x_wconf 83' lang='lat'>1055-1057)</span> 
     </span>
     <span class='ocr_line' id='line_1_50' title="bbox 149 4321 717 4382; baseline -0.012 -12"><span class='ocrx_word' id='word_1_318' title='bbox 149 4329 266 4382; x_wconf 81' lang='grc' dir='ltr'>Κεκροπίδη</span> <span class='ocrx_word' id='word_1_319' title='bbox 276 4329 400 4377; x_wconf 85' lang='grc' dir='ltr'>κακόβουλε,</span> <span class='ocrx_word' id='word_1_320' title='bbox 409 4327 432 4368; x_wconf 89' lang='grc' dir='ltr'>τί</span> <span class='ocrx_word' id='word_1_321' title='bbox 438 4325 494 4368; x_wconf 70' lang='grc' dir='ltr'>τοῦδ</span> <span class='ocrx_word' id='word_1_322' title='bbox 502 4323 550 4377; x_wconf 85' lang='grc' dir='ltr'>ήγεῖ</span> <span class='ocrx_word' id='word_1_323' title='bbox 557 4324 611 4376; x_wconf 84' lang='grc' dir='ltr'>μίγα</span> <span class='ocrx_word' id='word_1_324' title='bbox 619 4321 717 4375; x_wconf 70' lang='grc' dir='ltr'>τούργονς</span> 
     </span>
     <span class='ocr_line' id='line_1_51' title="bbox 149 4386 689 4446; baseline -0.015 -11"><span class='ocrx_word' id='word_1_325' title='bbox 149 4394 184 4435; x_wconf 85' lang='grc' dir='ltr'>καί</span> <span class='ocrx_word' id='word_1_326' title='bbox 193 4409 217 4435; x_wconf 86' lang='grc' dir='ltr'>κε</span> <span class='ocrx_word' id='word_1_327' title='bbox 224 4390 277 4446; x_wconf 81' lang='grc' dir='ltr'>γυνή</span> <span class='ocrx_word' id='word_1_328' title='bbox 287 4394 347 4443; x_wconf 75' lang='grc' dir='ltr'>φέροι</span> <span class='ocrx_word' id='word_1_329' title='bbox 355 4390 427 4443; x_wconf 79' lang='grc' dir='ltr'>ἄχθος,</span> <span class='ocrx_word' id='word_1_330' title='bbox 436 4389 484 4431; x_wconf 81' lang='grc' dir='ltr'>ε’πιί</span> <span class='ocrx_word' id='word_1_331' title='bbox 492 4404 527 4429; x_wconf 84' lang='grc' dir='ltr'>κεν</span> <span class='ocrx_word' id='word_1_332' title='bbox 535 4387 587 4437; x_wconf 78' lang='grc' dir='ltr'>οίνήρ</span> <span class='ocrx_word' id='word_1_333' title='bbox 595 4386 689 4438; x_wconf 85' lang='grc' dir='ltr'>α’ναθείη·</span> 
     </span>
     <span class='ocr_line' id='line_1_52' title="bbox 149 4449 724 4508; baseline -0.012 -10"><span class='ocrx_word' id='word_1_334' title='bbox 149 4458 196 4499; x_wconf 70' lang='grc' dir='ltr'>ἀλλ’</span> <span class='ocrx_word' id='word_1_335' title='bbox 204 4457 243 4499; x_wconf 84' lang='grc' dir='ltr'>ούκ</span> <span class='ocrx_word' id='word_1_336' title='bbox 252 4456 280 4498; x_wconf 76' lang='grc' dir='ltr'>δν</span> <span class='ocrx_word' id='word_1_337' title='bbox 287 4456 414 4508; x_wconf 70' lang='grc' dir='ltr'>μαχέσαιτοι</span> <span class='ocrx_word' id='word_1_338' title='bbox 427 4455 515 4508; x_wconf 79' lang='grc' dir='ltr'>χέσαιτο</span> <span class='ocrx_word' id='word_1_339' title='bbox 523 4450 563 4505; x_wconf 77' lang='grc' dir='ltr'>γδρ</span> <span class='ocrx_word' id='word_1_340' title='bbox 573 4449 593 4494; x_wconf 83' lang='grc' dir='ltr'>εί</span> <span class='ocrx_word' id='word_1_341' title='bbox 600 4451 724 4503; x_wconf 78' lang='grc' dir='ltr'>μαχέσαιτο.</span> 
     </span>
    </p>
   </div>
   <div class='ocr_carea' id='block_1_11' title="bbox 765 1405 1370 3650">
    <p class='ocr_par' dir='ltr' id='par_1_12' title="bbox 765 1405 1370 3650">
     <span class='ocr_line' id='line_1_53' title="bbox 765 1405 1279 1475; baseline 0.008 -19"><span class='ocrx_word' id='word_1_342' title='bbox 765 1423 815 1456; x_wconf 92' lang='lat' dir='ltr'>non</span> <span class='ocrx_word' id='word_1_343' title='bbox 826 1408 908 1458; x_wconf 87' lang='lat' dir='ltr'>finiret</span> <span class='ocrx_word' id='word_1_344' title='bbox 919 1405 1064 1458; x_wconf 82' lang='lat' dir='ltr'>et&#39;Cleoni</span> <span class='ocrx_word' id='word_1_345' title='bbox 1076 1410 1169 1459; x_wconf 90' lang='lat' dir='ltr'>dicenti</span> <span class='ocrx_word' id='word_1_346' title='bbox 1180 1427 1203 1459; x_wconf 87' lang='lat' dir='ltr'>v.</span> <span class='ocrx_word' id='word_1_347' title='bbox 1218 1421 1279 1475; x_wconf 77' lang='lat'>7973</span> 
     </span>
     <span class='ocr_line' id='line_1_54' title="bbox 839 1507 1277 1564; baseline 0.002 -13"><span class='ocrx_word' id='word_1_348' title='bbox 839 1509 874 1552; x_wconf 86' lang='grc' dir='ltr'>ἶνα</span> <span class='ocrx_word' id='word_1_349' title='bbox 881 1508 900 1564; x_wconf 79' lang='grc' dir='ltr'>γ’</span> <span class='ocrx_word' id='word_1_350' title='bbox 908 1507 1016 1563; x_wconf 77' lang='grc' dir='ltr'>Ἐλλήνων</span> <span class='ocrx_word' id='word_1_351' title='bbox 1025 1507 1076 1564; x_wconf 68' lang='grc' dir='ltr'>ἄρξῃ</span> <span class='ocrx_word' id='word_1_352' title='bbox 1086 1509 1167 1554; x_wconf 76' lang='grc' dir='ltr'>πάντων</span> <span class='ocrx_word' id='word_1_353' title='bbox 1176 1511 1197 1562; x_wconf 82' lang='grc' dir='ltr'>(ό</span> <span class='ocrx_word' id='word_1_354' title='bbox 1205 1511 1277 1564; x_wconf 77' lang='grc' dir='ltr'>δήριος)</span> 
     </span>
     <span class='ocr_line' id='line_1_55' title="bbox 765 1601 933 1666; baseline 0.012 -16"><span class='ocrx_word' id='word_1_355' title='bbox 765 1601 933 1666; x_wconf 88' lang='lat' dir='ltr'>respondebat</span> 
     </span>
     <span class='ocr_line' id='line_1_56' title="bbox 789 1699 1370 1758; baseline 0.007 -14"><span class='ocrx_word' id='word_1_356' title='bbox 789 1700 829 1755; x_wconf 78' lang='grc' dir='ltr'>ούχ</span> <span class='ocrx_word' id='word_1_357' title='bbox 837 1700 872 1743; x_wconf 84' lang='grc' dir='ltr'>ἳνα</span> <span class='ocrx_word' id='word_1_358' title='bbox 879 1701 899 1756; x_wconf 79' lang='grc' dir='ltr'>γ’</span> <span class='ocrx_word' id='word_1_359' title='bbox 907 1699 960 1756; x_wconf 68' lang='grc' dir='ltr'>οἶρξρ</span> <span class='ocrx_word' id='word_1_360' title='bbox 967 1702 998 1754; x_wconf 75' lang='grc' dir='ltr'>μδ</span> <span class='ocrx_word' id='word_1_361' title='bbox 1008 1701 1039 1744; x_wconf 78' lang='grc' dir='ltr'>Δί’</span> <span class='ocrx_word' id='word_1_362' title='bbox 1047 1702 1150 1754; x_wconf 77' lang='grc' dir='ltr'>Ἀρκαδίας</span> <span class='ocrx_word' id='word_1_363' title='bbox 1156 1705 1308 1757; x_wconf 64' lang='grc' dir='ltr'>προνοούμενος</span> <span class='ocrx_word' id='word_1_364' title='bbox 1317 1705 1370 1758; x_wconf 52' lang='grc' dir='ltr'>ἄλλ’,</span> 
     </span>
     <span class='ocr_line' id='line_1_57' title="bbox 993 1764 1119 1817; baseline 0 -9"><span class='ocrx_word' id='word_1_365' title='bbox 993 1764 1028 1808; x_wconf 80' lang='grc' dir='ltr'>ἵνα</span> <span class='ocrx_word' id='word_1_366' title='bbox 1035 1766 1119 1817; x_wconf 73' lang='grc' dir='ltr'>μᾶλλον</span> 
     </span>
     <span class='ocr_line' id='line_1_58' title="bbox 789 1827 1366 1945; baseline 0.009 -74"><span class='ocrx_word' id='word_1_367' title='bbox 789 1828 817 1871; x_wconf 81' lang='grc' dir='ltr'>σὺ</span> <span class='ocrx_word' id='word_1_368' title='bbox 826 1828 865 1879; x_wconf 72' lang='grc' dir='ltr'>μὲν</span> <span class='ocrx_word' id='word_1_369' title='bbox 878 1827 970 1882; x_wconf 77' lang='grc' dir='ltr'>ύρπιίζης</span> <span class='ocrx_word' id='word_1_370' title='bbox 983 1829 1146 1945; x_wconf 47' lang='grc' dir='ltr'>κὸαἷὶδδογῐροδοκῇς</span> <span class='ocrx_word' id='word_1_371' title='bbox 1158 1829 1214 1883; x_wconf 75' lang='grc' dir='ltr'>παριί</span> <span class='ocrx_word' id='word_1_372' title='bbox 1226 1830 1267 1874; x_wconf 80' lang='grc' dir='ltr'>τεόν</span> <span class='ocrx_word' id='word_1_373' title='bbox 1276 1832 1366 1876; x_wconf 71' lang='grc' dir='ltr'>πόλεων</span> 
     </span>
     <span class='ocr_line' id='line_1_59' title="bbox 788 1908 1366 2034; baseline 0.007 -37"><span class='ocrx_word' id='word_1_374' title='bbox 788 1954 830 1997; x_wconf 63' lang='lat' dir='ltr'>ist</span> <span class='ocrx_word' id='word_1_375' title='bbox 838 1956 876 1997; x_wconf 80' lang='lat' dir='ltr'>rori</span> <span class='ocrx_word' id='word_1_376' title='bbox 884 1956 978 2004; x_wconf 75' lang='grc' dir='ltr'>πολέμου</span> <span class='ocrx_word' id='word_1_377' title='bbox 986 1956 1022 1998; x_wconf 80' lang='grc' dir='ltr'>καὶ</span> <span class='ocrx_word' id='word_1_378' title='bbox 1034 1908 1170 2034; x_wconf 62' lang='grc' dir='ltr'>τῆςμόηςιίχλης</span> <span class='ocrx_word' id='word_1_379' title='bbox 1177 1955 1192 1999; x_wconf 79' lang='grc' dir='ltr'>δ</span> <span class='ocrx_word' id='word_1_380' title='bbox 1200 1959 1323 2012; x_wconf 76' lang='grc' dir='ltr'>πανουργεῖς</span> <span class='ocrx_word' id='word_1_381' title='bbox 1335 1959 1366 2012; x_wconf 83' lang='grc' dir='ltr'>μή</span> 
     </span>
     <span class='ocr_line' id='line_1_60' title="bbox 991 2034 1125 2071; baseline 0.022 -10"><span class='ocrx_word' id='word_1_382' title='bbox 991 2034 1004 2061; x_wconf 88' lang='grc' dir='ltr'>ιι</span> <span class='ocrx_word' id='word_1_383' title='bbox 1076 2035 1125 2071; x_wconf 88' lang='grc' dir='ltr'>σου.</span> 
     </span>
     <span class='ocr_line' id='line_1_61' title="bbox 788 2022 1364 2142; baseline 0.009 -17"><span class='ocrx_word' id='word_1_384' title='bbox 788 2082 837 2125; x_wconf 76' lang='lat' dir='ltr'>nr</span> <span class='ocrx_word' id='word_1_385' title='bbox 845 2082 880 2125; x_wconf 75' lang='lat' dir='ltr'>ur</span> <span class='ocrx_word' id='word_1_386' title='bbox 887 2082 979 2138; x_wconf 69' lang='grc' dir='ltr'>οιηιηε</span> <span class='ocrx_word' id='word_1_387' title='bbox 990 2022 1082 2136; x_wconf 56' lang='lat' dir='ltr'>amu</span> <span class='ocrx_word' id='word_1_388' title='bbox 1095 2086 1167 2139; x_wconf 64' lang='grc' dir='ltr'>,μοι</span> <span class='ocrx_word' id='word_1_389' title='bbox 1178 2087 1215 2130; x_wconf 73' lang='grc' dir='ltr'>ιο</span> <span class='ocrx_word' id='word_1_390' title='bbox 1225 2088 1304 2141; x_wconf 59' lang='lat' dir='ltr'>„aaa</span> <span class='ocrx_word' id='word_1_391' title='bbox 1313 2088 1364 2142; x_wconf 61' lang='grc' dir='ltr'>ιρις</span> 
     </span>
     <span class='ocr_line' id='line_1_62' title="bbox 992 2149 1111 2203; baseline 0.008 -12"><span class='ocrx_word' id='word_1_392' title='bbox 992 2163 1018 2191; x_wconf 90' lang='grc' dir='ltr'>σε</span> <span class='ocrx_word' id='word_1_393' title='bbox 1027 2149 1111 2203; x_wconf 79' lang='grc' dir='ltr'>ιιιχήνη.</span> 
     </span>
     <span class='ocr_line' id='line_1_63' title="bbox 765 2264 1366 2328; baseline 0.012 -16"><span class='ocrx_word' id='word_1_394' title='bbox 765 2264 832 2312; x_wconf 89' lang='lat' dir='ltr'>Turn</span> <span class='ocrx_word' id='word_1_395' title='bbox 850 2267 872 2313; x_wconf 90' lang='lat' dir='ltr'>si</span> <span class='ocrx_word' id='word_1_396' title='bbox 892 2264 928 2328; x_wconf 84' lang='lat'>(1)</span> <span class='ocrx_word' id='word_1_397' title='bbox 945 2264 1090 2315; x_wconf 83' lang='lat' dir='ltr'>vaferrimus</span> <span class='ocrx_word' id='word_1_398' title='bbox 1107 2266 1271 2318; x_wconf 86' lang='lat' dir='ltr'>calumniator</span> <span class='ocrx_word' id='word_1_399' title='bbox 1286 2271 1366 2319; x_wconf 90' lang='lat' dir='ltr'>nomi·</span> 
     </span>
     <span class='ocr_line' id='line_1_64' title="bbox 766 2342 1366 2408; baseline 0.012 -18"><span class='ocrx_word' id='word_1_400' title='bbox 766 2350 846 2401; x_wconf 89' lang='lat' dir='ltr'>natur,</span> <span class='ocrx_word' id='word_1_401' title='bbox 867 2343 888 2391; x_wconf 92' lang='lat' dir='ltr'>si</span> <span class='ocrx_word' id='word_1_402' title='bbox 911 2342 946 2404; x_wconf 83' lang='lat' dir='ltr'>(a)</span> <span class='ocrx_word' id='word_1_403' title='bbox 969 2343 1065 2408; x_wconf 92' lang='lat' dir='ltr'>populo</span> <span class='ocrx_word' id='word_1_404' title='bbox 1086 2343 1170 2393; x_wconf 83' lang='lat' dir='ltr'>fucum</span> <span class='ocrx_word' id='word_1_405' title='bbox 1191 2346 1274 2396; x_wconf 86' lang='lat' dir='ltr'>iacere</span> <span class='ocrx_word' id='word_1_406' title='bbox 1294 2349 1366 2398; x_wconf 84' lang='lat' dir='ltr'>malis</span> 
     </span>
     <span class='ocr_line' id='line_1_65' title="bbox 766 2419 1366 2485; baseline 0.008 -16"><span class='ocrx_word' id='word_1_407' title='bbox 766 2421 869 2480; x_wconf 87' lang='lat' dir='ltr'>artibus,</span> <span class='ocrx_word' id='word_1_408' title='bbox 896 2419 932 2482; x_wconf 81' lang='lat'>(3)</span> <span class='ocrx_word' id='word_1_409' title='bbox 956 2420 1064 2485; x_wconf 88' lang='lat' dir='ltr'>reliquos</span> <span class='ocrx_word' id='word_1_410' title='bbox 1085 2423 1243 2485; x_wconf 83' lang='lat' dir='ltr'>magistratus</span> <span class='ocrx_word' id='word_1_411' title='bbox 1270 2425 1366 2475; x_wconf 88' lang='lat' dir='ltr'>iniuriis</span> 
     </span>
     <span class='ocr_line' id='line_1_66' title="bbox 766 2496 1367 2564; baseline 0.01 -18"><span class='ocrx_word' id='word_1_412' title='bbox 766 2498 870 2557; x_wconf 86' lang='lat' dir='ltr'>afficere,</span> <span class='ocrx_word' id='word_1_413' title='bbox 896 2496 932 2560; x_wconf 82' lang='lat'>(4)</span> <span class='ocrx_word' id='word_1_414' title='bbox 955 2498 1022 2546; x_wconf 88' lang='lat' dir='ltr'>dona</span> <span class='ocrx_word' id='word_1_415' title='bbox 1044 2504 1145 2562; x_wconf 86' lang='lat' dir='ltr'>captare</span> <span class='ocrx_word' id='word_1_416' title='bbox 1166 2499 1263 2561; x_wconf 90' lang='lat' dir='ltr'>dicitur,</span> <span class='ocrx_word' id='word_1_417' title='bbox 1286 2501 1322 2564; x_wconf 80' lang='lat'>(5)</span> <span class='ocrx_word' id='word_1_418' title='bbox 1346 2504 1367 2552; x_wconf 88' lang='lat' dir='ltr'>si</span> 
     </span>
     <span class='ocr_line' id='line_1_67' title="bbox 766 2575 1367 2639; baseline 0.01 -16"><span class='ocrx_word' id='word_1_419' title='bbox 766 2575 874 2638; x_wconf 89' lang='lat' dir='ltr'>denique</span> <span class='ocrx_word' id='word_1_420' title='bbox 885 2590 941 2623; x_wconf 90' lang='lat' dir='ltr'>eurn</span> <span class='ocrx_word' id='word_1_421' title='bbox 954 2582 1142 2639; x_wconf 87' lang='lat' dir='ltr'>praepotentem</span> <span class='ocrx_word' id='word_1_422' title='bbox 1154 2590 1213 2638; x_wconf 89' lang='lat' dir='ltr'>esse,</span> <span class='ocrx_word' id='word_1_423' title='bbox 1223 2594 1239 2626; x_wconf 95' lang='lat' dir='ltr'>a</span> <span class='ocrx_word' id='word_1_424' title='bbox 1249 2579 1367 2629; x_wconf 90' lang='lat' dir='ltr'>divitibus</span> 
     </span>
     <span class='ocr_line' id='line_1_68' title="bbox 766 2652 1366 2716; baseline 0.007 -15"><span class='ocrx_word' id='word_1_425' title='bbox 766 2659 791 2701; x_wconf 91' lang='lat' dir='ltr'>et</span> <span class='ocrx_word' id='word_1_426' title='bbox 808 2653 962 2716; x_wconf 88' lang='lat' dir='ltr'>pauperibus</span> <span class='ocrx_word' id='word_1_427' title='bbox 980 2653 1072 2716; x_wconf 88' lang='lat' dir='ltr'>pariter</span> <span class='ocrx_word' id='word_1_428' title='bbox 1088 2652 1261 2712; x_wconf 77' lang='lat' dir='ltr'>i&#39;orrnidatum3</span> <span class='ocrx_word' id='word_1_429' title='bbox 1278 2655 1366 2705; x_wconf 89' lang='lat' dir='ltr'>harum</span> 
     </span>
     <span class='ocr_line' id='line_1_69' title="bbox 766 2729 1368 2798; baseline 0.007 -19"><span class='ocrx_word' id='word_1_430' title='bbox 766 2745 849 2779; x_wconf 89' lang='lat' dir='ltr'>rerum</span> <span class='ocrx_word' id='word_1_431' title='bbox 865 2730 970 2794; x_wconf 90' lang='lat' dir='ltr'>vestigia</span> <span class='ocrx_word' id='word_1_432' title='bbox 988 2729 1056 2794; x_wconf 90' lang='lat' dir='ltr'>apud</span> <span class='ocrx_word' id='word_1_433' title='bbox 1078 2730 1253 2791; x_wconf 90' lang='lat' dir='ltr'>Thucydidem</span> <span class='ocrx_word' id='word_1_434' title='bbox 1275 2733 1368 2798; x_wconf 91' lang='lat' dir='ltr'>ubique</span> 
     </span>
     <span class='ocr_line' id='line_1_70' title="bbox 766 2805 1367 2873; baseline 0.007 -17"><span class='ocrx_word' id='word_1_435' title='bbox 766 2809 839 2857; x_wconf 91' lang='lat' dir='ltr'>nobis</span> <span class='ocrx_word' id='word_1_436' title='bbox 850 2813 991 2857; x_wconf 85' lang='lat' dir='ltr'>occurrunt:</span> <span class='ocrx_word' id='word_1_437' title='bbox 1009 2805 1018 2869; x_wconf 87' lang='lat'>(</span> <span class='ocrx_word' id='word_1_438' title='bbox 1022 2808 1044 2868; x_wconf 87' lang='lat'>1)</span> <span class='ocrx_word' id='word_1_439' title='bbox 1055 2806 1159 2855; x_wconf 69' lang='grc' dir='ltr'>κάκιστα</span> <span class='ocrx_word' id='word_1_440' title='bbox 1171 2806 1219 2866; x_wconf 81' lang='grc' dir='ltr'>δῆτ’</span> <span class='ocrx_word' id='word_1_441' title='bbox 1229 2809 1367 2873; x_wconf 80' lang='grc' dir='ltr'>(ἀπόλοιτο)</span> 
     </span>
     <span class='ocr_line' id='line_1_71' title="bbox 765 2884 1367 2951; baseline 0.005 -17"><span class='ocrx_word' id='word_1_442' title='bbox 765 2885 834 2935; x_wconf 82' lang='grc' dir='ltr'>οδτός</span> <span class='ocrx_word' id='word_1_443' title='bbox 848 2903 878 2947; x_wconf 85' lang='grc' dir='ltr'>γε</span> <span class='ocrx_word' id='word_1_444' title='bbox 890 2886 983 2946; x_wconf 74' lang='grc' dir='ltr'>πρῶτος</span> <span class='ocrx_word' id='word_1_445' title='bbox 1000 2884 1172 2946; x_wconf 80' lang='grc' dir='ltr'>Παφλαγόνων</span> <span class='ocrx_word' id='word_1_446' title='bbox 1188 2887 1269 2936; x_wconf 79' lang='grc' dir='ltr'>αὐτοῖς</span> <span class='ocrx_word' id='word_1_447' title='bbox 1285 2887 1367 2951; x_wconf 88' lang='grc' dir='ltr'>διαβο-</span> 
     </span>
     <span class='ocr_line' id='line_1_72' title="bbox 765 2960 1367 3033; baseline 0.002 -20"><span class='ocrx_word' id='word_1_448' title='bbox 765 2965 819 3013; x_wconf 85' lang='grc' dir='ltr'>λαῖς</span> <span class='ocrx_word' id='word_1_449' title='bbox 828 2964 878 3033; x_wconf 83' lang='lat' dir='ltr'>Eq.</span> <span class='ocrx_word' id='word_1_450' title='bbox 892 2960 923 3022; x_wconf 75' lang='lat'>63</span> <span class='ocrx_word' id='word_1_451' title='bbox 933 2963 1087 3026; x_wconf 71' lang='grc' dir='ltr'>βυρσοδέψην</span> <span class='ocrx_word' id='word_1_452' title='bbox 1098 2963 1254 3023; x_wconf 81' lang='grc' dir='ltr'>Παφλαγόνα</span> <span class='ocrx_word' id='word_1_453' title='bbox 1266 2982 1367 3027; x_wconf 81' lang='grc' dir='ltr'>πανουρ·</span> 
     </span>
     <span class='ocr_line' id='line_1_73' title="bbox 766 3036 1368 3105; baseline -0.002 -14"><span class='ocrx_word' id='word_1_454' title='bbox 766 3036 873 3102; x_wconf 79' lang='grc' dir='ltr'>γόνατον</span> <span class='ocrx_word' id='word_1_455' title='bbox 887 3042 927 3091; x_wconf 85' lang='grc' dir='ltr'>καί</span> <span class='ocrx_word' id='word_1_456' title='bbox 942 3041 1123 3105; x_wconf 77' lang='grc' dir='ltr'>διαβολώτατόν</span> <span class='ocrx_word' id='word_1_457' title='bbox 1138 3058 1192 3089; x_wconf 87' lang='grc' dir='ltr'>τινα</span> <span class='ocrx_word' id='word_1_458' title='bbox 1202 3042 1236 3090; x_wconf 89' lang='lat' dir='ltr'>ib.</span> <span class='ocrx_word' id='word_1_459' title='bbox 1249 3061 1296 3102; x_wconf 82' lang='lat'>44;</span> <span class='ocrx_word' id='word_1_460' title='bbox 1312 3046 1368 3101; x_wconf 64' lang='lat' dir='ltr'>retr</span> 
     </span>
     <span class='ocr_line' id='line_1_74' title="bbox 767 3117 1366 3184; baseline 0 -14"><span class='ocrx_word' id='word_1_461' title='bbox 767 3123 832 3170; x_wconf 77' lang='grc' dir='ltr'>ἔνδον</span> <span class='ocrx_word' id='word_1_462' title='bbox 840 3123 947 3182; x_wconf 80' lang='grc' dir='ltr'>όντικρυς</span> <span class='ocrx_word' id='word_1_463' title='bbox 957 3121 1033 3184; x_wconf 70' lang='grc' dir='ltr'>ψευδῆ</span> <span class='ocrx_word' id='word_1_464' title='bbox 1039 3117 1167 3183; x_wconf 74' lang='grc' dir='ltr'>διαβάλλει</span> <span class='ocrx_word' id='word_1_465' title='bbox 1175 3120 1208 3169; x_wconf 84' lang='grc' dir='ltr'>ἰί).</span> <span class='ocrx_word' id='word_1_466' title='bbox 1217 3118 1248 3182; x_wconf 81' lang='lat'>63</span> <span class='ocrx_word' id='word_1_467' title='bbox 1257 3139 1263 3180; x_wconf 90' lang='lat'>;</span> <span class='ocrx_word' id='word_1_468' title='bbox 1274 3137 1298 3169; x_wconf 85' lang='lat' dir='ltr'>v.</span> <span class='ocrx_word' id='word_1_469' title='bbox 1305 3120 1366 3182; x_wconf 77' lang='lat'><strong>256;</strong></span> 
     </span>
     <span class='ocr_line' id='line_1_75' title="bbox 765 3196 1368 3261; baseline 0 -13"><span class='ocrx_word' id='word_1_470' title='bbox 765 3217 789 3250; x_wconf 74' lang='lat' dir='ltr'>v,</span> <span class='ocrx_word' id='word_1_471' title='bbox 806 3200 868 3261; x_wconf 74' lang='lat'>2785</span> <span class='ocrx_word' id='word_1_472' title='bbox 886 3199 996 3261; x_wconf 80' lang='grc' dir='ltr'>διαβαλῶ</span> <span class='ocrx_word' id='word_1_473' title='bbox 1013 3196 1035 3247; x_wconf 81' lang='grc' dir='ltr'>τ’</span> <span class='ocrx_word' id='word_1_474' title='bbox 1047 3199 1089 3247; x_wconf 83' lang='grc' dir='ltr'>έδν</span> <span class='ocrx_word' id='word_1_475' title='bbox 1105 3197 1247 3261; x_wconf 85' lang='grc' dir='ltr'>στρατηγῆς</span> <span class='ocrx_word' id='word_1_476' title='bbox 1257 3199 1291 3247; x_wconf 88' lang='lat' dir='ltr'>ib.</span> <span class='ocrx_word' id='word_1_477' title='bbox 1305 3199 1368 3259; x_wconf 69' lang='lat'>2883</span> 
     </span>
     <span class='ocr_line' id='line_1_76' title="bbox 767 3273 1368 3341; baseline -0.003 -15"><span class='ocrx_word' id='word_1_478' title='bbox 767 3280 807 3327; x_wconf 88' lang='grc' dir='ltr'>καί</span> <span class='ocrx_word' id='word_1_479' title='bbox 825 3295 855 3325; x_wconf 88' lang='grc' dir='ltr'>σε</span> <span class='ocrx_word' id='word_1_480' title='bbox 872 3278 950 3337; x_wconf 86' lang='grc' dir='ltr'>φαίνω</span> <span class='ocrx_word' id='word_1_481' title='bbox 960 3276 1010 3326; x_wconf 78' lang='grc' dir='ltr'>τοῖς</span> <span class='ocrx_word' id='word_1_482' title='bbox 1025 3273 1171 3337; x_wconf 87' lang='grc' dir='ltr'>πρυτόνεσιν</span> <span class='ocrx_word' id='word_1_483' title='bbox 1187 3275 1221 3324; x_wconf 89' lang='lat' dir='ltr'>ib.</span> <span class='ocrx_word' id='word_1_484' title='bbox 1235 3288 1297 3337; x_wconf 77' lang='lat'>3003</span> <span class='ocrx_word' id='word_1_485' title='bbox 1315 3277 1368 3341; x_wconf 86' lang='lat' dir='ltr'>ipse</span> 
     </span>
     <span class='ocr_line' id='line_1_77' title="bbox 767 3354 1369 3417; baseline 0.002 -13"><span class='ocrx_word' id='word_1_486' title='bbox 767 3356 853 3405; x_wconf 91' lang='lat' dir='ltr'>Choro</span> <span class='ocrx_word' id='word_1_487' title='bbox 875 3355 984 3404; x_wconf 88' lang='lat' dir='ltr'>minatur</span> <span class='ocrx_word' id='word_1_488' title='bbox 1004 3354 1146 3414; x_wconf 77' lang='grc' dir='ltr'>λιποταξίου</span> <span class='ocrx_word' id='word_1_489' title='bbox 1168 3357 1249 3415; x_wconf 81' lang='grc' dir='ltr'>φεύξει</span> <span class='ocrx_word' id='word_1_490' title='bbox 1271 3358 1369 3417; x_wconf 79' lang='grc' dir='ltr'>γραφδς</span> 
     </span>
     <span class='ocr_line' id='line_1_78' title="bbox 767 3434 1370 3496; baseline -0.007 -11"><span class='ocrx_word' id='word_1_491' title='bbox 767 3434 986 3485; x_wconf 78' lang='grc' dir='ltr'>ἑκατονταλάντους</span> <span class='ocrx_word' id='word_1_492' title='bbox 1008 3435 1127 3496; x_wconf 74' lang='grc' dir='ltr'>τέτταρας</span> <span class='ocrx_word' id='word_1_493' title='bbox 1148 3434 1182 3484; x_wconf 87' lang='lat' dir='ltr'>ib.</span> <span class='ocrx_word' id='word_1_494' title='bbox 1208 3434 1272 3496; x_wconf 65' lang='grc' dir='ltr'>ηηις</span> <span class='ocrx_word' id='word_1_495' title='bbox 1301 3434 1370 3487; x_wconf 75' lang='grc' dir='ltr'>οὗτος</span> 
     </span>
     <span class='ocr_line' id='line_1_79' title="bbox 767 3512 1370 3575; baseline -0.002 -14"><span class='ocrx_word' id='word_1_496' title='bbox 767 3515 878 3562; x_wconf 80' lang='grc' dir='ltr'>ἐσπεσὼν</span> <span class='ocrx_word' id='word_1_497' title='bbox 888 3514 966 3561; x_wconf 83' lang='grc' dir='ltr'>έκεῖσε</span> <span class='ocrx_word' id='word_1_498' title='bbox 976 3512 1018 3573; x_wconf 86' lang='grc' dir='ltr'>(είς</span> <span class='ocrx_word' id='word_1_499' title='bbox 1028 3513 1057 3560; x_wconf 90' lang='grc' dir='ltr'>τό</span> <span class='ocrx_word' id='word_1_500' title='bbox 1067 3513 1245 3575; x_wconf 85' lang='grc' dir='ltr'>βουλευτήριον)</span> <span class='ocrx_word' id='word_1_501' title='bbox 1257 3515 1370 3575; x_wconf 72' lang='grc' dir='ltr'>διαβαλεῖ</span> 
     </span>
     <span class='ocr_line' id='line_1_80' title="bbox 767 3589 1369 3650; baseline 0.002 -12"><span class='ocrx_word' id='word_1_502' title='bbox 767 3591 829 3649; x_wconf 77' lang='grc' dir='ltr'>ἡμᾶς</span> <span class='ocrx_word' id='word_1_503' title='bbox 848 3591 956 3638; x_wconf 73' lang='grc' dir='ltr'>ἅπαντας</span> <span class='ocrx_word' id='word_1_504' title='bbox 973 3589 1008 3637; x_wconf 90' lang='lat' dir='ltr'>ib.</span> <span class='ocrx_word' id='word_1_505' title='bbox 1028 3592 1091 3650; x_wconf 85' lang='lat'>487;</span> <span class='ocrx_word' id='word_1_506' title='bbox 1108 3589 1197 3638; x_wconf 88' lang='lat' dir='ltr'>chorus</span> <span class='ocrx_word' id='word_1_507' title='bbox 1212 3606 1311 3639; x_wconf 91' lang='lat' dir='ltr'>ceroma</span> <span class='ocrx_word' id='word_1_508' title='bbox 1326 3591 1369 3639; x_wconf 91' lang='lat' dir='ltr'>dat</span> 
     </span>
    </p>
   </div>
   <div class='ocr_carea' id='block_1_12' title="bbox 767 3665 1455 3730">
    <p class='ocr_par' dir='ltr' id='par_1_13' title="bbox 767 3665 1455 3730">
     <span class='ocr_line' id='line_1_81' title="bbox 767 3665 1455 3730; baseline -0.006 -13"><span class='ocrx_word' id='word_1_509' title='bbox 767 3668 874 3717; x_wconf 89' lang='lat' dir='ltr'>isiciario</span> <span class='ocrx_word' id='word_1_510' title='bbox 883 3682 933 3730; x_wconf 93' lang='lat' dir='ltr'>quo</span> <span class='ocrx_word' id='word_1_511' title='bbox 941 3670 1062 3715; x_wconf 90' lang='lat' dir='ltr'>cervicem</span> <span class='ocrx_word' id='word_1_512' title='bbox 1073 3667 1161 3724; x_wconf 82' lang='lat' dir='ltr'>illinet,</span> <span class='ocrx_word' id='word_1_513' title='bbox 1174 3665 1201 3714; x_wconf 74' lang='grc' dir='ltr'>ἶν’</span> <span class='ocrx_word' id='word_1_514' title='bbox 1209 3668 1370 3726; x_wconf 73' lang='grc' dir='ltr'>ἐξολισθάνειν</span> <span class='ocrx_word' id='word_1_515' title='bbox 1451 3686 1455 3695; x_wconf 59' lang='grc'><strong>«</strong></span> 
     </span>
    </p>
   </div>
   <div class='ocr_carea' id='block_1_13' title="bbox 767 3741 1371 4511">
    <p class='ocr_par' dir='ltr' id='par_1_14' title="bbox 767 3741 1371 4430">
     <span class='ocr_line' id='line_1_82' title="bbox 767 3741 1369 3807; baseline -0.002 -13"><span class='ocrx_word' id='word_1_516' title='bbox 767 3748 824 3805; x_wconf 80' lang='grc' dir='ltr'>δύνῃ</span> <span class='ocrx_word' id='word_1_517' title='bbox 835 3749 878 3793; x_wconf 87' lang='grc' dir='ltr'>τὰς</span> <span class='ocrx_word' id='word_1_518' title='bbox 893 3741 1009 3802; x_wconf 74' lang='grc' dir='ltr'>διαβολάς</span> <span class='ocrx_word' id='word_1_519' title='bbox 1020 3744 1153 3791; x_wconf 88' lang='lat' dir='ltr'>adversarii</span> <span class='ocrx_word' id='word_1_520' title='bbox 1166 3742 1232 3806; x_wconf 87' lang='lat' dir='ltr'>(ioco</span> <span class='ocrx_word' id='word_1_521' title='bbox 1243 3745 1369 3807; x_wconf 89' lang='lat' dir='ltr'>insperato</span> 
     </span>
     <span class='ocr_line' id='line_1_83' title="bbox 767 3818 1369 3887; baseline 0.002 -17"><span class='ocrx_word' id='word_1_522' title='bbox 767 3839 814 3887; x_wconf 86' lang='lat' dir='ltr'>pro</span> <span class='ocrx_word' id='word_1_523' title='bbox 823 3823 866 3870; x_wconf 88' lang='grc' dir='ltr'>τὰς</span> <span class='ocrx_word' id='word_1_524' title='bbox 875 3819 962 3883; x_wconf 76' lang='grc' dir='ltr'>λαβάς)</span> <span class='ocrx_word' id='word_1_525' title='bbox 975 3820 1008 3868; x_wconf 87' lang='lat' dir='ltr'>ib.</span> <span class='ocrx_word' id='word_1_526' title='bbox 1019 3835 1075 3884; x_wconf 83' lang='lat'>490,</span> <span class='ocrx_word' id='word_1_527' title='bbox 1092 3820 1148 3868; x_wconf 88' lang='lat' dir='ltr'>Pac.</span> <span class='ocrx_word' id='word_1_528' title='bbox 1163 3818 1218 3880; x_wconf 76' lang='lat'>648,</span> <span class='ocrx_word' id='word_1_529' title='bbox 1234 3819 1282 3882; x_wconf 77' lang='lat'>653</span> <span class='ocrx_word' id='word_1_530' title='bbox 1294 3821 1369 3871; x_wconf 88' lang='grc' dir='ltr'>λόλος</span> 
     </span>
     <span class='ocr_line' id='line_1_84' title="bbox 768 3896 1368 3960; baseline -0.007 -9"><span class='ocrx_word' id='word_1_531' title='bbox 768 3901 809 3951; x_wconf 82' lang='grc' dir='ltr'>καί</span> <span class='ocrx_word' id='word_1_532' title='bbox 817 3896 989 3960; x_wconf 75' lang='grc' dir='ltr'>συκοφάντης.’</span> <span class='ocrx_word' id='word_1_533' title='bbox 1009 3897 1128 3960; x_wconf 88' lang='lat' dir='ltr'>Qualium</span> <span class='ocrx_word' id='word_1_534' title='bbox 1140 3898 1265 3947; x_wconf 88' lang='lat' dir='ltr'>Cleonis</span> <span class='ocrx_word' id='word_1_535' title='bbox 1277 3899 1368 3947; x_wconf 88' lang='lat' dir='ltr'>calum·</span> 
     </span>
     <span class='ocr_line' id='line_1_85' title="bbox 767 3976 1366 4041; baseline -0.005 -13"><span class='ocrx_word' id='word_1_536' title='bbox 767 3980 864 4028; x_wconf 89' lang='lat' dir='ltr'>uiarum</span> <span class='ocrx_word' id='word_1_537' title='bbox 881 3976 997 4041; x_wconf 88' lang='lat' dir='ltr'>exempla</span> <span class='ocrx_word' id='word_1_538' title='bbox 1012 3976 1127 4041; x_wconf 86' lang='lat' dir='ltr'>leguntur</span> <span class='ocrx_word' id='word_1_539' title='bbox 1143 3976 1256 4040; x_wconf 89' lang='lat' dir='ltr'>Thucyd.</span> <span class='ocrx_word' id='word_1_540' title='bbox 1275 3988 1309 4024; x_wconf 84' lang='lat'>111</span> <span class='ocrx_word' id='word_1_541' title='bbox 1327 3979 1366 4039; x_wconf 81' lang='lat'>38,</span> 
     </span>
     <span class='ocr_line' id='line_1_86' title="bbox 769 4053 1368 4120; baseline -0.002 -15"><span class='ocrx_word' id='word_1_542' title='bbox 769 4069 799 4106; x_wconf 92' lang='lat' dir='ltr'>1v</span> <span class='ocrx_word' id='word_1_543' title='bbox 810 4068 849 4119; x_wconf 73' lang='grc' dir='ltr'>οη,</span> <span class='ocrx_word' id='word_1_544' title='bbox 861 4055 904 4120; x_wconf 91' lang='lat' dir='ltr'>qui</span> <span class='ocrx_word' id='word_1_545' title='bbox 915 4068 933 4103; x_wconf 92' lang='lat' dir='ltr'>v</span> <span class='ocrx_word' id='word_1_546' title='bbox 948 4068 976 4115; x_wconf 86' lang='lat'>17</span> <span class='ocrx_word' id='word_1_547' title='bbox 988 4055 1050 4104; x_wconf 90' lang='lat' dir='ltr'>dicit</span> <span class='ocrx_word' id='word_1_548' title='bbox 1061 4055 1119 4103; x_wconf 90' lang='lat' dir='ltr'>ideo</span> <span class='ocrx_word' id='word_1_549' title='bbox 1130 4069 1188 4103; x_wconf 92' lang='lat' dir='ltr'>eum</span> <span class='ocrx_word' id='word_1_550' title='bbox 1199 4053 1259 4102; x_wconf 91' lang='lat' dir='ltr'>belli</span> <span class='ocrx_word' id='word_1_551' title='bbox 1275 4055 1368 4104; x_wconf 89' lang='lat' dir='ltr'>studio-</span> 
     </span>
     <span class='ocr_line' id='line_1_87' title="bbox 768 4130 1369 4197; baseline -0.002 -14"><span class='ocrx_word' id='word_1_552' title='bbox 768 4150 823 4184; x_wconf 85' lang='lat' dir='ltr'>sum</span> <span class='ocrx_word' id='word_1_553' title='bbox 839 4149 892 4183; x_wconf 89' lang='lat' dir='ltr'>esse</span> <span class='ocrx_word' id='word_1_554' title='bbox 909 4133 977 4197; x_wconf 93' lang='lat' dir='ltr'>quod</span> <span class='ocrx_word' id='word_1_555' title='bbox 994 4133 1073 4182; x_wconf 88' lang='lat' dir='ltr'>maior</span> <span class='ocrx_word' id='word_1_556' title='bbox 1090 4132 1115 4180; x_wconf 87' lang='lat' dir='ltr'>in</span> <span class='ocrx_word' id='word_1_557' title='bbox 1131 4130 1199 4180; x_wconf 88' lang='lat' dir='ltr'>bello</span> <span class='ocrx_word' id='word_1_558' title='bbox 1211 4130 1272 4179; x_wconf 86' lang='lat' dir='ltr'>fides</span> <span class='ocrx_word' id='word_1_559' title='bbox 1283 4132 1369 4182; x_wconf 85' lang='lat' dir='ltr'>habita</span> 
     </span>
     <span class='ocr_line' id='line_1_88' title="bbox 768 4210 1369 4271; baseline -0.005 -9"><span class='ocrx_word' id='word_1_560' title='bbox 768 4220 832 4262; x_wconf 89' lang='lat' dir='ltr'>esset</span> <span class='ocrx_word' id='word_1_561' title='bbox 849 4212 991 4270; x_wconf 84' lang='lat' dir='ltr'>calumniis3</span> <span class='ocrx_word' id='word_1_562' title='bbox 1008 4211 1147 4270; x_wconf 75' lang='grc' dir='ltr'>ἠναντιοῦτο</span> <span class='ocrx_word' id='word_1_563' title='bbox 1162 4211 1194 4271; x_wconf 80' lang='grc' dir='ltr'>τῇ</span> <span class='ocrx_word' id='word_1_564' title='bbox 1211 4210 1290 4271; x_wconf 75' lang='grc' dir='ltr'>εἰρήνη</span> <span class='ocrx_word' id='word_1_565' title='bbox 1302 4227 1369 4270; x_wconf 73' lang='grc' dir='ltr'>γενο·</span> 
     </span>
     <span class='ocr_line' id='line_1_89' title="bbox 768 4288 1371 4352; baseline -0.003 -12"><span class='ocrx_word' id='word_1_566' title='bbox 768 4294 840 4352; x_wconf 86' lang='grc' dir='ltr'>μένης</span> <span class='ocrx_word' id='word_1_567' title='bbox 863 4291 966 4351; x_wconf 77' lang='grc' dir='ltr'>ἡσυχίας</span> <span class='ocrx_word' id='word_1_568' title='bbox 989 4288 1198 4348; x_wconf 82' lang='grc' dir='ltr'>καταφανέστερος</span> <span class='ocrx_word' id='word_1_569' title='bbox 1219 4288 1317 4346; x_wconf 68' lang='grc' dir='ltr'>νομίζων</span> <span class='ocrx_word' id='word_1_570' title='bbox 1342 4291 1371 4338; x_wconf 84' lang='grc' dir='ltr'>δν</span> 
     </span>
     <span class='ocr_line' id='line_1_90' title="bbox 770 4364 1355 4430; baseline 0 -12"><span class='ocrx_word' id='word_1_571' title='bbox 770 4371 830 4418; x_wconf 84' lang='grc' dir='ltr'>εἶναι</span> <span class='ocrx_word' id='word_1_572' title='bbox 842 4368 979 4429; x_wconf 74' lang='grc' dir='ltr'>κακουργῶν</span> <span class='ocrx_word' id='word_1_573' title='bbox 990 4367 1030 4413; x_wconf 87' lang='grc' dir='ltr'>καί</span> <span class='ocrx_word' id='word_1_574' title='bbox 1041 4364 1197 4426; x_wconf 81' lang='grc' dir='ltr'>ἀπιστότερος</span> <span class='ocrx_word' id='word_1_575' title='bbox 1208 4365 1355 4430; x_wconf 72' lang='grc' dir='ltr'>διαβάλλων.</span> 
     </span>
    </p>

    <p class='ocr_par' dir='ltr' id='par_1_15' title="bbox 818 4442 1369 4511">
     <span class='ocr_line' id='line_1_91' title="bbox 818 4442 1369 4511; baseline 0.002 -16"><span class='ocrx_word' id='word_1_576' title='bbox 818 4447 854 4511; x_wconf 82' lang='grc' dir='ltr'>(ο)</span> <span class='ocrx_word' id='word_1_577' title='bbox 881 4446 956 4494; x_wconf 90' lang='lat' dir='ltr'>Artes</span> <span class='ocrx_word' id='word_1_578' title='bbox 978 4443 1031 4493; x_wconf 89' lang='lat' dir='ltr'>eius</span> <span class='ocrx_word' id='word_1_579' title='bbox 1052 4442 1170 4492; x_wconf 90' lang='lat' dir='ltr'>describit</span> <span class='ocrx_word' id='word_1_580' title='bbox 1193 4444 1240 4508; x_wconf 89' lang='lat' dir='ltr'>Eq.</span> <span class='ocrx_word' id='word_1_581' title='bbox 1262 4456 1293 4507; x_wconf 83' lang='lat'>47</span> <span class='ocrx_word' id='word_1_582' title='bbox 1313 4461 1369 4511; x_wconf 84' lang='lat' dir='ltr'>sqq.</span> 
     </span>
    </p>
   </div>
   <div class='ocr_carea' id='block_1_14' title="bbox 721 4546 773 4598">
    <p class='ocr_par' dir='ltr' id='par_1_16' title="bbox 721 4546 773 4598">
     <span class='ocr_line' id='line_1_92' title="bbox 721 4546 773 4598; baseline -0.038 0"><span class='ocrx_word' id='word_1_583' title='bbox 721 4546 773 4598; x_wconf 71' lang='grc' dir='ltr'>(δότ)</span> 
     </span>
    </p>
   </div>
   <div class='ocr_carea' id='block_1_15' title="bbox 0 0 1642 5254">
    <p class='ocr_par' dir='ltr' id='par_1_17' title="bbox 0 0 1642 5254">
     <span class='ocr_line' id='line_1_93' title="bbox 0 0 1642 5254; baseline 0 0"><span class='ocrx_word' id='word_1_584' title='bbox 0 0 1642 5254; x_wconf 95' lang='lat' dir='ltr'> </span> 
     </span>
    </p>
   </div>
  </div>
 </body>
</html>
