<?xml version="1.0" encoding="UTF-8"?>
<!DOCTYPE html PUBLIC "-//W3C//DTD XHTML 1.0 Transitional//EN"
    "http://www.w3.org/TR/xhtml1/DTD/xhtml1-transitional.dtd">
<html xmlns="http://www.w3.org/1999/xhtml" xml:lang="en" lang="en">
 <head>
  <title>
</title>
<meta http-equiv="Content-Type" content="text/html;charset=utf-8" />
  <meta name='ocr-system' content='tesseract 3.04.00' />
  <meta name='ocr-capabilities' content='ocr_page ocr_carea ocr_par ocr_line ocrx_word'/>
</head>
<body>
  <div class='ocr_page' id='page_1' title='image "./onomasticonaris00holdgoog_0054.png"; bbox 0 0 3276 5268; ppageno 0'>
   <div class='ocr_carea' id='block_1_1' title="bbox 610 449 787 541">
    <p class='ocr_par' dir='ltr' id='par_1_1' title="bbox 610 449 787 541">
     <span class='ocr_line' id='line_1_1' title="bbox 610 449 787 541; baseline 0.011 -22"><span class='ocrx_word' id='word_1_1' title='bbox 610 449 787 541; x_wconf 72' lang='grc' dir='ltr'>Εὐριπίδης</span> 
     </span>
    </p>
   </div>
   <div class='ocr_carea' id='block_1_2' title="bbox 76 620 676 844">
    <p class='ocr_par' dir='ltr' id='par_1_2' title="bbox 76 620 676 844">
     <span class='ocr_line' id='line_1_2' title="bbox 76 620 672 689; baseline 0.003 -16"><span class='ocrx_word' id='word_1_2' title='bbox 76 623 202 674; x_wconf 90' lang='lat' dir='ltr'><strong>humilem.</strong></span> <span class='ocrx_word' id='word_1_3' title='bbox 212 632 240 674; x_wconf 90' lang='lat' dir='ltr'><strong>et·</strong></span> <span class='ocrx_word' id='word_1_4' title='bbox 257 620 384 674; x_wconf 70' lang='lat' dir='ltr'><strong>abiedlam</strong></span> <span class='ocrx_word' id='word_1_5' title='bbox 403 623 529 686; x_wconf 83' lang='lat' dir='ltr'><strong>indicavit,</strong></span> <span class='ocrx_word' id='word_1_6' title='bbox 551 625 672 689; x_wconf 84' lang='lat' dir='ltr'><strong>imprimis</strong></span> 
     </span>
     <span class='ocr_line' id='line_1_3' title="bbox 76 700 676 766; baseline 0.007 -16"><span class='ocrx_word' id='word_1_7' title='bbox 76 703 101 751; x_wconf 90' lang='lat' dir='ltr'><strong>id</strong></span> <span class='ocrx_word' id='word_1_8' title='bbox 110 700 204 751; x_wconf 73' lang='lat' dir='ltr'><strong>dietum</strong></span> <span class='ocrx_word' id='word_1_9' title='bbox 216 703 248 750; x_wconf 92' lang='lat' dir='ltr'><strong>de</strong></span> <span class='ocrx_word' id='word_1_10' title='bbox 259 705 364 762; x_wconf 81' lang='grc' dir='ltr'>γνώμαις</span> <span class='ocrx_word' id='word_1_11' title='bbox 375 702 466 766; x_wconf 91' lang='lat' dir='ltr'><strong>quibus</strong></span> <span class='ocrx_word' id='word_1_12' title='bbox 478 702 575 753; x_wconf 81' lang='lat' dir='ltr'><strong>fabulas</strong></span> <span class='ocrx_word' id='word_1_13' title='bbox 586 704 676 754; x_wconf 84' lang='lat' dir='ltr'><strong>sarcire</strong></span> 
     </span>
     <span class='ocr_line' id='line_1_4' title="bbox 77 780 674 844; baseline 0.003 -16"><span class='ocrx_word' id='word_1_14' title='bbox 77 780 134 828; x_wconf 89' lang='lat' dir='ltr'><strong>solet</strong></span> <span class='ocrx_word' id='word_1_15' title='bbox 146 780 224 841; x_wconf 88' lang='lat' dir='ltr'><strong>(Nub.</strong></span> <span class='ocrx_word' id='word_1_16' title='bbox 238 781 305 843; x_wconf 82' lang='lat'><strong>924),</strong></span> <span class='ocrx_word' id='word_1_17' title='bbox 320 795 426 843; x_wconf 87' lang='lat' dir='ltr'><strong>quarum</strong></span> <span class='ocrx_word' id='word_1_18' title='bbox 438 781 581 844; x_wconf 86' lang='lat' dir='ltr'><strong>complures</strong></span> <span class='ocrx_word' id='word_1_19' title='bbox 592 790 620 830; x_wconf 97' lang='lat' dir='ltr'><strong>ut</strong></span> <span class='ocrx_word' id='word_1_20' title='bbox 636 784 674 829; x_wconf 90' lang='lat' dir='ltr'><strong>in·</strong></span> 
     </span>
    </p>
   </div>
   <div class='ocr_carea' id='block_1_3' title="bbox 76 857 676 998">
    <p class='ocr_par' dir='ltr' id='par_1_3' title="bbox 76 857 676 998">
     <span class='ocr_line' id='line_1_5' title="bbox 76 857 676 917; baseline 0.005 -11"><span class='ocrx_word' id='word_1_21' title='bbox 76 858 151 906; x_wconf 86' lang='lat' dir='ltr'><strong>sulsae</strong></span> <span class='ocrx_word' id='word_1_22' title='bbox 178 859 289 907; x_wconf 86' lang='lat' dir='ltr'><strong>ridentur</strong></span> <span class='ocrx_word' id='word_1_23' title='bbox 311 874 326 906; x_wconf 93' lang='lat' dir='ltr'><strong>a</strong></span> <span class='ocrx_word' id='word_1_24' title='bbox 348 857 453 917; x_wconf 85' lang='lat' dir='ltr'><strong>comico,</strong></span> <span class='ocrx_word' id='word_1_25' title='bbox 480 875 504 906; x_wconf 88' lang='lat' dir='ltr'><strong>v.</strong></span> <span class='ocrx_word' id='word_1_26' title='bbox 521 874 542 908; x_wconf 78' lang='lat' dir='ltr'><strong>c.</strong></span> <span class='ocrx_word' id='word_1_27' title='bbox 572 859 617 909; x_wconf 89' lang='lat' dir='ltr'><strong>illa</strong></span> <span class='ocrx_word' id='word_1_28' title='bbox 643 875 676 909; x_wconf 78' lang='lat' dir='ltr'><strong>ea</strong></span> 
     </span>
     <span class='ocr_line' id='line_1_6' title="bbox 76 934 397 998; baseline -0.003 -14"><span class='ocrx_word' id='word_1_29' title='bbox 76 936 170 998; x_wconf 65' lang='lat' dir='ltr'><strong>Ponam</strong></span> <span class='ocrx_word' id='word_1_30' title='bbox 181 936 220 996; x_wconf 74' lang='lat' dir='ltr'><strong>(ir.</strong></span> <span class='ocrx_word' id='word_1_31' title='bbox 235 934 283 998; x_wconf 97' lang='grc'><strong>639</strong></span> <span class='ocrx_word' id='word_1_32' title='bbox 295 935 397 995; x_wconf 77' lang='lat' dir='ltr'><strong>Nauck)</strong></span> 
     </span>
    </p>
   </div>
   <div class='ocr_carea' id='block_1_4' title="bbox 77 1033 710 3000">
    <p class='ocr_par' dir='ltr' id='par_1_4' title="bbox 77 1033 710 3000">
     <span class='ocr_line' id='line_1_7' title="bbox 121 1033 574 1087; baseline 0 -9"><span class='ocrx_word' id='word_1_33' title='bbox 121 1035 152 1080; x_wconf 83' lang='grc' dir='ltr'><strong>τίς</strong></span> <span class='ocrx_word' id='word_1_34' title='bbox 160 1036 177 1077; x_wconf 81' lang='grc' dir='ltr'><strong>δ’</strong></span> <span class='ocrx_word' id='word_1_35' title='bbox 185 1033 241 1077; x_wconf 73' lang='grc' dir='ltr'>σίδαν</span> <span class='ocrx_word' id='word_1_36' title='bbox 249 1035 268 1077; x_wconf 84' lang='grc' dir='ltr'><strong>εἰ</strong></span> <span class='ocrx_word' id='word_1_37' title='bbox 277 1037 301 1077; x_wconf 72' lang='grc' dir='ltr'><strong>τὸ</strong></span> <span class='ocrx_word' id='word_1_38' title='bbox 310 1036 347 1087; x_wconf 80' lang='grc' dir='ltr'><strong>ζῆν</strong></span> <span class='ocrx_word' id='word_1_39' title='bbox 354 1038 393 1087; x_wconf 82' lang='grc' dir='ltr'>μάν</span> <span class='ocrx_word' id='word_1_40' title='bbox 400 1035 447 1078; x_wconf 77' lang='grc' dir='ltr'>ἔστι</span> <span class='ocrx_word' id='word_1_41' title='bbox 455 1035 574 1086; x_wconf 74' lang='grc' dir='ltr'><strong><em>κατθανεῖν,</em></strong></span> 
     </span>
     <span class='ocr_line' id='line_1_8' title="bbox 121 1099 592 1151; baseline 0.002 -11"><span class='ocrx_word' id='word_1_42' title='bbox 121 1101 146 1140; x_wconf 81' lang='grc' dir='ltr'><strong>τό</strong></span> <span class='ocrx_word' id='word_1_43' title='bbox 153 1099 261 1141; x_wconf 79' lang='grc' dir='ltr'>κατθανεῖν</span> <span class='ocrx_word' id='word_1_44' title='bbox 268 1100 291 1140; x_wconf 66' lang='grc' dir='ltr'><strong>δὲ</strong></span> <span class='ocrx_word' id='word_1_45' title='bbox 299 1100 344 1151; x_wconf 72' lang='grc' dir='ltr'>ζῆν,</span> <span class='ocrx_word' id='word_1_46' title='bbox 352 1099 432 1141; x_wconf 82' lang='grc' dir='ltr'>ὐπνοῦν</span> <span class='ocrx_word' id='word_1_47' title='bbox 440 1100 462 1140; x_wconf 73' lang='lat' dir='ltr'><strong>il</strong></span> <span class='ocrx_word' id='word_1_48' title='bbox 470 1101 592 1149; x_wconf 67' lang='grc' dir='ltr'>κατθανεῖν)</span> 
     </span>
     <span class='ocr_line' id='line_1_9' title="bbox 77 1190 676 1254; baseline 0.003 -16"><span class='ocrx_word' id='word_1_49' title='bbox 77 1206 136 1254; x_wconf 91' lang='lat' dir='ltr'><strong>quae</strong></span> <span class='ocrx_word' id='word_1_50' title='bbox 150 1207 199 1240; x_wconf 89' lang='lat' dir='ltr'><strong>una</strong></span> <span class='ocrx_word' id='word_1_51' title='bbox 214 1207 271 1240; x_wconf 91' lang='lat' dir='ltr'><strong>cum</strong></span> <span class='ocrx_word' id='word_1_52' title='bbox 290 1192 420 1240; x_wconf 87' lang='lat' dir='ltr'><strong>notissima</strong></span> <span class='ocrx_word' id='word_1_53' title='bbox 438 1191 481 1239; x_wconf 91' lang='lat' dir='ltr'><strong>illa</strong></span> <span class='ocrx_word' id='word_1_54' title='bbox 496 1207 527 1240; x_wconf 88' lang='lat' dir='ltr'><strong>ex</strong></span> <span class='ocrx_word' id='word_1_55' title='bbox 544 1190 676 1254; x_wconf 69' lang='lat' dir='ltr'><strong>Iz&#39;ippolyte</strong></span> 
     </span>
     <span class='ocr_line' id='line_1_10' title="bbox 78 1267 155 1317; baseline 0 -1"><span class='ocrx_word' id='word_1_56' title='bbox 78 1284 99 1316; x_wconf 90' lang='lat' dir='ltr'><strong>v.</strong></span> <span class='ocrx_word' id='word_1_57' title='bbox 111 1267 155 1317; x_wconf 82' lang='grc'><strong>611</strong></span> 
     </span>
     <span class='ocr_line' id='line_1_11' title="bbox 145 1367 577 1422; baseline -0.005 -1"><span class='ocrx_word' id='word_1_58' title='bbox 145 1367 577 1422; x_wconf 69' lang='grc' dir='ltr'>ὐυλῶσσ’ὂιωὶυοκ’ὐδὶύυύνᾶνυμντος</span> 
     </span>
     <span class='ocr_line' id='line_1_12' title="bbox 77 1459 675 1525; baseline 0.005 -19"><span class='ocrx_word' id='word_1_59' title='bbox 77 1464 99 1506; x_wconf 85' lang='grc' dir='ltr'><strong>εί</strong></span> <span class='ocrx_word' id='word_1_60' title='bbox 115 1459 174 1519; x_wconf 84' lang='lat' dir='ltr'><strong>aliis,</strong></span> <span class='ocrx_word' id='word_1_61' title='bbox 193 1460 288 1525; x_wconf 84' lang='lat' dir='ltr'><strong>largam</strong></span> <span class='ocrx_word' id='word_1_62' title='bbox 304 1461 404 1510; x_wconf 88' lang='lat' dir='ltr'><strong>iocandi</strong></span> <span class='ocrx_word' id='word_1_63' title='bbox 423 1463 553 1510; x_wconf 82' lang='lat' dir='ltr'><strong>materiem</strong></span> <span class='ocrx_word' id='word_1_64' title='bbox 570 1460 675 1510; x_wconf 85' lang='lat' dir='ltr'><strong>Comico</strong></span> 
     </span>
     <span class='ocr_line' id='line_1_13' title="bbox 77 1538 677 1601; baseline 0.003 -16"><span class='ocrx_word' id='word_1_65' title='bbox 77 1538 237 1599; x_wconf 87' lang='lat' dir='ltr'><strong>praebuerunt</strong></span> <span class='ocrx_word' id='word_1_66' title='bbox 254 1540 318 1588; x_wconf 91' lang='lat' dir='ltr'><strong>Ran.</strong></span> <span class='ocrx_word' id='word_1_67' title='bbox 329 1552 387 1601; x_wconf 88' lang='grc'>1471</span> <span class='ocrx_word' id='word_1_68' title='bbox 403 1548 427 1589; x_wconf 91' lang='lat' dir='ltr'><strong>et</strong></span> <span class='ocrx_word' id='word_1_69' title='bbox 439 1540 507 1598; x_wconf 84' lang='lat' dir='ltr'><strong>alibi,</strong></span> <span class='ocrx_word' id='word_1_70' title='bbox 516 1546 544 1587; x_wconf 83' lang='lat' dir='ltr'><strong>et</strong></span> <span class='ocrx_word' id='word_1_71' title='bbox 555 1538 581 1586; x_wconf 91' lang='lat' dir='ltr'><strong>in</strong></span> <span class='ocrx_word' id='word_1_72' title='bbox 590 1554 677 1587; x_wconf 81' lang='lat' dir='ltr'>caussa</span> 
     </span>
     <span class='ocr_line' id='line_1_14' title="bbox 77 1614 675 1681; baseline 0.005 -19"><span class='ocrx_word' id='word_1_73' title='bbox 77 1615 169 1665; x_wconf 81' lang='lat' dir='ltr'><strong>luerunt</strong></span> <span class='ocrx_word' id='word_1_74' title='bbox 181 1633 224 1665; x_wconf 93' lang='lat' dir='ltr'><strong>cur</strong></span> <span class='ocrx_word' id='word_1_75' title='bbox 236 1619 358 1680; x_wconf 84' lang='lat' dir='ltr'><strong>tragicum</strong></span> <span class='ocrx_word' id='word_1_76' title='bbox 376 1614 526 1680; x_wconf 75' lang='grc' dir='ltr'>φευδόλογον</span> <span class='ocrx_word' id='word_1_77' title='bbox 536 1617 675 1681; x_wconf 83' lang='lat' dir='ltr'><strong>appellaret</strong></span> 
     </span>
     <span class='ocr_line' id='line_1_15' title="bbox 79 1691 676 1757; baseline 0.002 -17"><span class='ocrx_word' id='word_1_78' title='bbox 79 1691 149 1752; x_wconf 82' lang='lat' dir='ltr'><strong>(Ram</strong></span> <span class='ocrx_word' id='word_1_79' title='bbox 166 1695 248 1757; x_wconf 74' lang='grc'>1511).</span> <span class='ocrx_word' id='word_1_80' title='bbox 284 1694 356 1743; x_wconf 90' lang='lat' dir='ltr'><strong>Idem</strong></span> <span class='ocrx_word' id='word_1_81' title='bbox 373 1697 475 1743; x_wconf 90' lang='lat' dir='ltr'><strong>minime</strong></span> <span class='ocrx_word' id='word_1_82' title='bbox 492 1694 601 1757; x_wconf 86' lang='lat' dir='ltr'><strong>neglexit</strong></span> <span class='ocrx_word' id='word_1_83' title='bbox 618 1709 676 1742; x_wconf 85' lang='lat' dir='ltr'><strong>eum</strong></span> 
     </span>
     <span class='ocr_line' id='line_1_16' title="bbox 78 1772 677 1835; baseline 0 -17"><span class='ocrx_word' id='word_1_84' title='bbox 78 1772 195 1834; x_wconf 84' lang='lat' dir='ltr'><strong>exagitare</strong></span> <span class='ocrx_word' id='word_1_85' title='bbox 223 1779 329 1835; x_wconf 91' lang='lat' dir='ltr'><strong>propter</strong></span> <span class='ocrx_word' id='word_1_86' title='bbox 351 1772 427 1833; x_wconf 91' lang='lat' dir='ltr'><strong>locos,</strong></span> <span class='ocrx_word' id='word_1_87' title='bbox 453 1772 539 1835; x_wconf 88' lang='lat' dir='ltr'><strong>quales</strong></span> <span class='ocrx_word' id='word_1_88' title='bbox 561 1772 677 1834; x_wconf 87' lang='lat' dir='ltr'><strong>leguntur</strong></span> 
     </span>
     <span class='ocr_line' id='line_1_17' title="bbox 77 1847 683 1917; baseline 0.003 -23"><span class='ocrx_word' id='word_1_89' title='bbox 77 1847 101 1895; x_wconf 94' lang='lat' dir='ltr'><strong>in</strong></span> <span class='ocrx_word' id='word_1_90' title='bbox 111 1849 160 1898; x_wconf 90' lang='lat' dir='ltr'><strong>eius</strong></span> <span class='ocrx_word' id='word_1_91' title='bbox 171 1850 354 1912; x_wconf 76' lang='lat' dir='ltr'><em>Bellerophonte</em></span> <span class='ocrx_word' id='word_1_92' title='bbox 367 1850 395 1898; x_wconf 82' lang='lat' dir='ltr'><strong>ir.</strong></span> <span class='ocrx_word' id='word_1_93' title='bbox 410 1850 465 1908; x_wconf 83' lang='lat'>288,</span> <span class='ocrx_word' id='word_1_94' title='bbox 485 1851 511 1897; x_wconf 92' lang='lat' dir='ltr'><strong>in</strong></span> <span class='ocrx_word' id='word_1_95' title='bbox 527 1850 683 1917; x_wconf 64' lang='lat' dir='ltr'><strong>Melanippa</strong></span> 
     </span>
     <span class='ocr_line' id='line_1_18' title="bbox 77 1925 685 1993; baseline 0.003 -20"><span class='ocrx_word' id='word_1_96' title='bbox 77 1925 103 1974; x_wconf 83' lang='lat' dir='ltr'><strong>fr.</strong></span> <span class='ocrx_word' id='word_1_97' title='bbox 109 1928 154 1988; x_wconf 80' lang='lat'><strong>483</strong></span> <span class='ocrx_word' id='word_1_98' title='bbox 161 1933 185 1975; x_wconf 93' lang='lat' dir='ltr'><strong>et</strong></span> <span class='ocrx_word' id='word_1_99' title='bbox 194 1927 263 1986; x_wconf 82' lang='lat' dir='ltr'><strong>alibi,</strong></span> <span class='ocrx_word' id='word_1_100' title='bbox 268 1927 293 1974; x_wconf 93' lang='lat' dir='ltr'><strong>in</strong></span> <span class='ocrx_word' id='word_1_101' title='bbox 298 1927 388 1991; x_wconf 87' lang='lat' dir='ltr'><strong>quibus</strong></span> <span class='ocrx_word' id='word_1_102' title='bbox 395 1942 516 1991; x_wconf 84' lang='lat' dir='ltr'><strong>personae</strong></span> <span class='ocrx_word' id='word_1_103' title='bbox 524 1926 674 1990; x_wconf 71' lang='lat' dir='ltr'><strong>Euripideae</strong></span> <span class='ocrx_word' id='word_1_104' title='bbox 683 1988 685 1993; x_wconf 28' lang='grc' dir='ltr'>Ι</span> 
     </span>
     <span class='ocr_line' id='line_1_19' title="bbox 78 2001 675 2064; baseline 0.003 -14"><span class='ocrx_word' id='word_1_105' title='bbox 78 2001 186 2052; x_wconf 89' lang='lat' dir='ltr'><strong>dubitant</strong></span> <span class='ocrx_word' id='word_1_106' title='bbox 197 2020 230 2052; x_wconf 91' lang='lat' dir='ltr'><strong>an</strong></span> <span class='ocrx_word' id='word_1_107' title='bbox 249 2005 297 2052; x_wconf 91' lang='lat' dir='ltr'><strong>sint</strong></span> <span class='ocrx_word' id='word_1_108' title='bbox 310 2004 343 2064; x_wconf 89' lang='lat' dir='ltr'><strong>di,</strong></span> <span class='ocrx_word' id='word_1_109' title='bbox 359 2006 403 2053; x_wconf 91' lang='lat' dir='ltr'><strong>sed</strong></span> <span class='ocrx_word' id='word_1_110' title='bbox 421 2020 506 2054; x_wconf 88' lang='lat' dir='ltr'><strong>eorum</strong></span> <span class='ocrx_word' id='word_1_111' title='bbox 524 2020 611 2053; x_wconf 81' lang='lat' dir='ltr'>caussa</span> <span class='ocrx_word' id='word_1_112' title='bbox 628 2011 675 2053; x_wconf 87' lang='lat' dir='ltr'><strong>tra·</strong></span> 
     </span>
     <span class='ocr_line' id='line_1_20' title="bbox 77 2080 677 2145; baseline 0.002 -16"><span class='ocrx_word' id='word_1_113' title='bbox 77 2080 154 2142; x_wconf 87' lang='lat' dir='ltr'><strong>gieum</strong></span> <span class='ocrx_word' id='word_1_114' title='bbox 175 2089 305 2145; x_wconf 81' lang='lat' dir='ltr'><strong>tamquam</strong></span> <span class='ocrx_word' id='word_1_115' title='bbox 327 2090 474 2131; x_wconf 84' lang='lat' dir='ltr'><strong>novatorem</strong></span> <span class='ocrx_word' id='word_1_116' title='bbox 498 2083 564 2131; x_wconf 89' lang='lat' dir='ltr'><strong>circa</strong></span> <span class='ocrx_word' id='word_1_117' title='bbox 591 2082 677 2130; x_wconf 79' lang='lat' dir='ltr'><strong>diuina</strong></span> 
     </span>
     <span class='ocr_line' id='line_1_21' title="bbox 77 2159 676 2224; baseline 0.007 -20"><span class='ocrx_word' id='word_1_118' title='bbox 77 2160 208 2222; x_wconf 89' lang='lat' dir='ltr'><strong>proposuit,</strong></span> <span class='ocrx_word' id='word_1_119' title='bbox 215 2161 260 2223; x_wconf 88' lang='lat' dir='ltr'><strong>qui</strong></span> <span class='ocrx_word' id='word_1_120' title='bbox 271 2173 322 2207; x_wconf 92' lang='lat' dir='ltr'><strong>non</strong></span> <span class='ocrx_word' id='word_1_121' title='bbox 334 2168 448 2223; x_wconf 87' lang='lat' dir='ltr'><strong>precatur</strong></span> <span class='ocrx_word' id='word_1_122' title='bbox 457 2159 496 2207; x_wconf 92' lang='lat' dir='ltr'><strong>dis</strong></span> <span class='ocrx_word' id='word_1_123' title='bbox 503 2160 676 2224; x_wconf 79' lang='lat' dir='ltr'><strong>quibus-uulgo</strong></span> 
     </span>
     <span class='ocr_line' id='line_1_22' title="bbox 77 2226 677 2302; baseline 0.005 -21"><span class='ocrx_word' id='word_1_124' title='bbox 77 2235 183 2285; x_wconf 88' lang='lat' dir='ltr'><strong>solebant</strong></span> <span class='ocrx_word' id='word_1_125' title='bbox 195 2237 241 2286; x_wconf 86' lang='lat' dir='ltr'><strong>sed</strong></span> <span class='ocrx_word' id='word_1_126' title='bbox 253 2226 357 2300; x_wconf 74' lang='lat' dir='ltr'><strong>privatis</strong></span> <span class='ocrx_word' id='word_1_127' title='bbox 369 2238 521 2302; x_wconf 89' lang='lat' dir='ltr'><strong>quibusdam</strong></span> <span class='ocrx_word' id='word_1_128' title='bbox 536 2253 616 2286; x_wconf 82' lang='lat' dir='ltr'><strong>novae</strong></span> <span class='ocrx_word' id='word_1_129' title='bbox 631 2252 677 2284; x_wconf 91' lang='lat' dir='ltr'><strong>no·</strong></span> 
     </span>
     <span class='ocr_line' id='line_1_23' title="bbox 79 2314 677 2378; baseline 0.005 -18"><span class='ocrx_word' id='word_1_130' title='bbox 79 2318 115 2361; x_wconf 90' lang='lat' dir='ltr'><strong>tae</strong></span> <span class='ocrx_word' id='word_1_131' title='bbox 127 2314 199 2373; x_wconf 87' lang='lat' dir='ltr'><strong>(Ran.</strong></span> <span class='ocrx_word' id='word_1_132' title='bbox 214 2317 264 2378; x_wconf 92' lang='grc'>890</span> <span class='ocrx_word' id='word_1_133' title='bbox 276 2316 352 2376; x_wconf 78' lang='grc' dir='ltr'>ἕτεροι</span> <span class='ocrx_word' id='word_1_134' title='bbox 363 2316 413 2375; x_wconf 88' lang='grc' dir='ltr'>γάρ</span> <span class='ocrx_word' id='word_1_135' title='bbox 425 2317 492 2376; x_wconf 74' lang='grc' dir='ltr'>τίσιν,</span> <span class='ocrx_word' id='word_1_136' title='bbox 504 2316 564 2363; x_wconf 83' lang='grc' dir='ltr'>οἶσιν</span> <span class='ocrx_word' id='word_1_137' title='bbox 577 2317 677 2375; x_wconf 80' lang='grc' dir='ltr'>εὔχομαι</span> 
     </span>
     <span class='ocr_line' id='line_1_24' title="bbox 79 2392 677 2457; baseline 0.007 -19"><span class='ocrx_word' id='word_1_138' title='bbox 79 2392 142 2440; x_wconf 78' lang='grc' dir='ltr'>θεαῖς·</span> <span class='ocrx_word' id='word_1_139' title='bbox 155 2395 225 2453; x_wconf 77' lang='grc' dir='ltr'>αἰθὴρ</span> <span class='ocrx_word' id='word_1_140' title='bbox 239 2394 296 2450; x_wconf 75' lang='grc' dir='ltr'>ἐμόν</span> <span class='ocrx_word' id='word_1_141' title='bbox 307 2395 421 2455; x_wconf 86' lang='grc' dir='ltr'>βόσκημα</span> <span class='ocrx_word' id='word_1_142' title='bbox 433 2396 473 2441; x_wconf 83' lang='grc' dir='ltr'><strong>καί</strong></span> <span class='ocrx_word' id='word_1_143' title='bbox 483 2396 595 2457; x_wconf 84' lang='grc' dir='ltr'>γλώττης</span> <span class='ocrx_word' id='word_1_144' title='bbox 608 2395 677 2454; x_wconf 87' lang='grc' dir='ltr'>στρό-</span> 
     </span>
     <span class='ocr_line' id='line_1_25' title="bbox 79 2472 678 2534; baseline 0 -15"><span class='ocrx_word' id='word_1_145' title='bbox 79 2472 133 2530; x_wconf 71' lang='grc' dir='ltr'><strong>φιγξ</strong></span> <span class='ocrx_word' id='word_1_146' title='bbox 148 2473 185 2519; x_wconf 82' lang='grc' dir='ltr'><strong>καί</strong></span> <span class='ocrx_word' id='word_1_147' title='bbox 203 2474 284 2531; x_wconf 79' lang='grc' dir='ltr'>ξύνεσι</span> <span class='ocrx_word' id='word_1_148' title='bbox 301 2473 339 2520; x_wconf 70' lang='grc' dir='ltr'><strong>καί</strong></span> <span class='ocrx_word' id='word_1_149' title='bbox 357 2474 474 2534; x_wconf 76' lang='grc' dir='ltr'>μυκτῆρες</span> <span class='ocrx_word' id='word_1_150' title='bbox 490 2473 678 2534; x_wconf 69' lang='grc' dir='ltr'>ὀσφραντήριοι,</span> 
     </span>
     <span class='ocr_line' id='line_1_26' title="bbox 79 2540 677 2616; baseline 0.002 -20"><span class='ocrx_word' id='word_1_151' title='bbox 79 2548 173 2598; x_wconf 88' lang='lat' dir='ltr'><strong>Thesm.</strong></span> <span class='ocrx_word' id='word_1_152' title='bbox 184 2562 230 2612; x_wconf 79' lang='lat'><strong>272</strong></span> <span class='ocrx_word' id='word_1_153' title='bbox 245 2550 289 2598; x_wconf 88' lang='lat' dir='ltr'><strong>ubi</strong></span> <span class='ocrx_word' id='word_1_154' title='bbox 300 2551 410 2614; x_wconf 90' lang='lat' dir='ltr'><strong>loquitur</strong></span> <span class='ocrx_word' id='word_1_155' title='bbox 422 2551 475 2616; x_wconf 91' lang='lat' dir='ltr'><strong>ipse</strong></span> <span class='ocrx_word' id='word_1_156' title='bbox 490 2551 574 2609; x_wconf 88' lang='grc' dir='ltr'>όμννμι</span> <span class='ocrx_word' id='word_1_157' title='bbox 587 2540 677 2611; x_wconf 84' lang='grc' dir='ltr'>αἰθέρ’</span> 
     </span>
     <span class='ocr_line' id='line_1_27' title="bbox 79 2628 710 2688; baseline 0.005 -15"><span class='ocrx_word' id='word_1_158' title='bbox 79 2628 163 2685; x_wconf 84' lang='grc' dir='ltr'>σίτησιν</span> <span class='ocrx_word' id='word_1_159' title='bbox 185 2630 241 2678; x_wconf 89' lang='grc' dir='ltr'>Διός</span> <span class='ocrx_word' id='word_1_160' title='bbox 249 2646 256 2687; x_wconf 88' lang='grc'><strong>;</strong></span> <span class='ocrx_word' id='word_1_161' title='bbox 280 2643 338 2675; x_wconf 91' lang='lat' dir='ltr'><strong>mox</strong></span> <span class='ocrx_word' id='word_1_162' title='bbox 357 2645 381 2676; x_wconf 86' lang='lat' dir='ltr'><strong>v.</strong></span> <span class='ocrx_word' id='word_1_163' title='bbox 406 2642 453 2688; x_wconf 80' lang='lat'><strong>²74</strong></span> <span class='ocrx_word' id='word_1_164' title='bbox 478 2628 563 2686; x_wconf 87' lang='grc' dir='ltr'>όμνυμι</span> <span class='ocrx_word' id='word_1_165' title='bbox 585 2629 677 2676; x_wconf 80' lang='grc' dir='ltr'>πάντας</span> <span class='ocrx_word' id='word_1_166' title='bbox 708 2641 710 2645; x_wconf 78' lang='grc'>’</span> 
     </span>
     <span class='ocr_line' id='line_1_28' title="bbox 80 2702 675 2770; baseline 0.002 -18"><span class='ocrx_word' id='word_1_167' title='bbox 80 2705 147 2765; x_wconf 86' lang='grc' dir='ltr'>όρδην</span> <span class='ocrx_word' id='word_1_168' title='bbox 159 2709 213 2755; x_wconf 82' lang='grc' dir='ltr'>τούς</span> <span class='ocrx_word' id='word_1_169' title='bbox 232 2708 305 2765; x_wconf 86' lang='grc' dir='ltr'>θεούς,</span> <span class='ocrx_word' id='word_1_170' title='bbox 321 2705 389 2769; x_wconf 91' lang='lat' dir='ltr'><strong>quod</strong></span> <span class='ocrx_word' id='word_1_171' title='bbox 401 2706 518 2770; x_wconf 85' lang='lat' dir='ltr'><strong>ambigue</strong></span> <span class='ocrx_word' id='word_1_172' title='bbox 532 2702 675 2763; x_wconf 73' lang='grc'>(11610111,01</span> 
     </span>
     <span class='ocr_line' id='line_1_29' title="bbox 78 2779 676 2845; baseline -0.002 -19"><span class='ocrx_word' id='word_1_173' title='bbox 78 2791 157 2830; x_wconf 90' lang='lat' dir='ltr'><strong>monet</strong></span> <span class='ocrx_word' id='word_1_174' title='bbox 173 2781 316 2840; x_wconf 86' lang='lat' dir='ltr'><strong>scholiasta,</strong></span> <span class='ocrx_word' id='word_1_175' title='bbox 330 2781 400 2845; x_wconf 92' lang='lat' dir='ltr'><strong>quasi</strong></span> <span class='ocrx_word' id='word_1_176' title='bbox 418 2779 492 2828; x_wconf 83' lang='lat' dir='ltr'><strong>vellet</strong></span> <span class='ocrx_word' id='word_1_177' title='bbox 509 2781 601 2828; x_wconf 77' lang='grc' dir='ltr'>πάντας</span> <span class='ocrx_word' id='word_1_178' title='bbox 618 2779 676 2837; x_wconf 83' lang='grc' dir='ltr'><strong>δμού</strong></span> 
     </span>
     <span class='ocr_line' id='line_1_30' title="bbox 78 2858 672 2925; baseline -0.002 -20"><span class='ocrx_word' id='word_1_179' title='bbox 78 2859 148 2918; x_wconf 86' lang='grc' dir='ltr'>αίρω),</span> <span class='ocrx_word' id='word_1_180' title='bbox 161 2861 255 2925; x_wconf 90' lang='lat' dir='ltr'><strong>quique</strong></span> <span class='ocrx_word' id='word_1_181' title='bbox 266 2859 324 2908; x_wconf 87' lang='lat' dir='ltr'><strong>viris</strong></span> <span class='ocrx_word' id='word_1_182' title='bbox 339 2858 460 2922; x_wconf 88' lang='lat' dir='ltr'><strong>persuasit</strong></span> <span class='ocrx_word' id='word_1_183' title='bbox 473 2872 525 2905; x_wconf 89' lang='lat' dir='ltr'><strong>non</strong></span> <span class='ocrx_word' id='word_1_184' title='bbox 539 2872 593 2905; x_wconf 84' lang='lat' dir='ltr'><strong>esse</strong></span> <span class='ocrx_word' id='word_1_185' title='bbox 604 2858 672 2917; x_wconf 88' lang='lat' dir='ltr'><strong>deos,</strong></span> 
     </span>
     <span class='ocr_line' id='line_1_31' title="bbox 79 2935 238 3000; baseline 0.025 -17"><span class='ocrx_word' id='word_1_186' title='bbox 79 2935 174 2986; x_wconf 88' lang='lat' dir='ltr'><strong>Thesm.</strong></span> <span class='ocrx_word' id='word_1_187' title='bbox 186 2953 238 3000; x_wconf 85' lang='lat'><strong>450</strong></span> 
     </span>
    </p>
   </div>
   <div class='ocr_carea' id='block_1_5' title="bbox 124 3036 585 3156">
    <p class='ocr_par' dir='ltr' id='par_1_5' title="bbox 124 3036 585 3156">
     <span class='ocr_line' id='line_1_32' title="bbox 251 3036 559 3089; baseline -0.01 -10"><span class='ocrx_word' id='word_1_188' title='bbox 251 3036 274 3079; x_wconf 72' lang='lat' dir='ltr'><strong>iv</strong></span> <span class='ocrx_word' id='word_1_189' title='bbox 282 3036 354 3079; x_wconf 78' lang='grc' dir='ltr'>ταῖσιν</span> <span class='ocrx_word' id='word_1_190' title='bbox 361 3036 484 3089; x_wconf 73' lang='grc' dir='ltr'>τραγῳδίαις</span> <span class='ocrx_word' id='word_1_191' title='bbox 492 3036 559 3077; x_wconf 69' lang='grc' dir='ltr'>ποιῶν</span> 
     </span>
     <span class='ocr_line' id='line_1_33' title="bbox 124 3097 585 3156; baseline -0.009 -12"><span class='ocrx_word' id='word_1_192' title='bbox 124 3103 170 3147; x_wconf 85' lang='grc' dir='ltr'>τούς</span> <span class='ocrx_word' id='word_1_193' title='bbox 178 3101 255 3156; x_wconf 78' lang='grc' dir='ltr'>ἄνδρας</span> <span class='ocrx_word' id='word_1_194' title='bbox 263 3102 400 3143; x_wconf 81' lang='grc' dir='ltr'>άναπάπεικςν</span> <span class='ocrx_word' id='word_1_195' title='bbox 408 3100 448 3142; x_wconf 77' lang='grc' dir='ltr'><strong>οὐκ</strong></span> <span class='ocrx_word' id='word_1_196' title='bbox 456 3097 510 3141; x_wconf 78' lang='grc' dir='ltr'>εἶναι</span> <span class='ocrx_word' id='word_1_197' title='bbox 518 3100 585 3144; x_wconf 82' lang='grc' dir='ltr'>θιούς.</span> 
     </span>
    </p>
   </div>
   <div class='ocr_carea' id='block_1_6' title="bbox 79 3202 683 4509">
    <p class='ocr_par' dir='ltr' id='par_1_6' title="bbox 79 3202 683 4509">
     <span class='ocr_line' id='line_1_34' title="bbox 80 3202 683 3255; baseline 0 -5"><span class='ocrx_word' id='word_1_198' title='bbox 80 3202 110 3251; x_wconf 86' lang='grc'><strong>111</strong></span> <span class='ocrx_word' id='word_1_199' title='bbox 119 3204 166 3254; x_wconf 92' lang='lat' dir='ltr'><strong>hac</strong></span> <span class='ocrx_word' id='word_1_200' title='bbox 176 3223 203 3255; x_wconf 91' lang='lat' dir='ltr'><strong>re</strong></span> <span class='ocrx_word' id='word_1_201' title='bbox 214 3212 300 3255; x_wconf 89' lang='lat' dir='ltr'><strong>autem</strong></span> <span class='ocrx_word' id='word_1_202' title='bbox 311 3203 426 3254; x_wconf 90' lang='lat' dir='ltr'><strong>nonnihil</strong></span> <span class='ocrx_word' id='word_1_203' title='bbox 443 3203 607 3253; x_wconf 80' lang='lat' dir='ltr'><strong>calumniatur</strong></span> <span class='ocrx_word' id='word_1_204' title='bbox 617 3203 683 3251; x_wconf 80' lang='lat' dir='ltr'><strong>Ari·-</strong></span> 
     </span>
     <span class='ocr_line' id='line_1_35' title="bbox 80 3280 678 3346; baseline -0.003 -17"><span class='ocrx_word' id='word_1_205' title='bbox 80 3283 215 3346; x_wconf 88' lang='lat' dir='ltr'><strong>stophanes,</strong></span> <span class='ocrx_word' id='word_1_206' title='bbox 231 3284 336 3332; x_wconf 88' lang='lat' dir='ltr'><strong>minime</strong></span> <span class='ocrx_word' id='word_1_207' title='bbox 352 3283 419 3332; x_wconf 91' lang='lat' dir='ltr'><strong>enim</strong></span> <span class='ocrx_word' id='word_1_208' title='bbox 436 3282 544 3344; x_wconf 85' lang='lat' dir='ltr'><strong>negabat</strong></span> <span class='ocrx_word' id='word_1_209' title='bbox 561 3280 678 3344; x_wconf 85' lang='lat' dir='ltr'><strong>Euripi·</strong></span> 
     </span>
     <span class='ocr_line' id='line_1_36' title="bbox 80 3357 677 3424; baseline -0.002 -18"><span class='ocrx_word' id='word_1_210' title='bbox 80 3359 128 3409; x_wconf 88' lang='lat' dir='ltr'><strong>des</strong></span> <span class='ocrx_word' id='word_1_211' title='bbox 138 3362 197 3411; x_wconf 90' lang='lat' dir='ltr'><strong>deos</strong></span> <span class='ocrx_word' id='word_1_212' title='bbox 208 3378 270 3420; x_wconf 89' lang='lat' dir='ltr'><strong>esse,</strong></span> <span class='ocrx_word' id='word_1_213' title='bbox 282 3362 325 3410; x_wconf 88' lang='lat' dir='ltr'><strong>sed</strong></span> <span class='ocrx_word' id='word_1_214' title='bbox 337 3362 441 3410; x_wconf 90' lang='lat' dir='ltr'><strong>deorum</strong></span> <span class='ocrx_word' id='word_1_215' title='bbox 450 3359 536 3424; x_wconf 87' lang='lat' dir='ltr'><strong>quales</strong></span> <span class='ocrx_word' id='word_1_216' title='bbox 548 3375 563 3407; x_wconf 93' lang='lat' dir='ltr'><strong>a</strong></span> <span class='ocrx_word' id='word_1_217' title='bbox 575 3357 677 3406; x_wconf 88' lang='lat' dir='ltr'><strong>Graecis</strong></span> 
     </span>
     <span class='ocr_line' id='line_1_37' title="bbox 80 3436 679 3501; baseline -0.005 -16"><span class='ocrx_word' id='word_1_218' title='bbox 80 3436 150 3501; x_wconf 85' lang='lat' dir='ltr'><strong>vulgo</strong></span> <span class='ocrx_word' id='word_1_219' title='bbox 165 3440 307 3489; x_wconf 88' lang='lat' dir='ltr'><strong>colerentur</strong></span> <span class='ocrx_word' id='word_1_220' title='bbox 321 3443 478 3501; x_wconf 88' lang='lat' dir='ltr'><strong>contemptor</strong></span> <span class='ocrx_word' id='word_1_221' title='bbox 494 3437 595 3484; x_wconf 86' lang='lat' dir='ltr'><strong>unicum</strong></span> <span class='ocrx_word' id='word_1_222' title='bbox 608 3436 679 3484; x_wconf 83' lang='lat' dir='ltr'><strong>vide-</strong></span> 
     </span>
     <span class='ocr_line' id='line_1_38' title="bbox 80 3515 678 3579; baseline -0.002 -19"><span class='ocrx_word' id='word_1_223' title='bbox 80 3519 117 3561; x_wconf 93' lang='lat' dir='ltr'><strong>tur</strong></span> <span class='ocrx_word' id='word_1_224' title='bbox 142 3517 275 3579; x_wconf 87' lang='lat' dir='ltr'><strong>agnovisse</strong></span> <span class='ocrx_word' id='word_1_225' title='bbox 305 3515 389 3563; x_wconf 91' lang='lat' dir='ltr'><strong>Deum</strong></span> <span class='ocrx_word' id='word_1_226' title='bbox 421 3515 537 3573; x_wconf 82' lang='grc' dir='ltr'>αὐτοφυῆ,</span> <span class='ocrx_word' id='word_1_227' title='bbox 568 3519 678 3561; x_wconf 86' lang='lat' dir='ltr'><strong>mentem</strong></span> 
     </span>
     <span class='ocr_line' id='line_1_39' title="bbox 79 3590 678 3657; baseline -0.003 -18"><span class='ocrx_word' id='word_1_228' title='bbox 79 3599 201 3642; x_wconf 75' lang='lat' dir='ltr'><strong>artemam</strong></span> <span class='ocrx_word' id='word_1_229' title='bbox 218 3601 294 3657; x_wconf 91' lang='lat' dir='ltr'><strong>atque</strong></span> <span class='ocrx_word' id='word_1_230' title='bbox 311 3593 374 3641; x_wconf 89' lang='lat' dir='ltr'><strong>adeo</strong></span> <span class='ocrx_word' id='word_1_231' title='bbox 391 3591 519 3651; x_wconf 85' lang='lat' dir='ltr'><strong>infinitam,</strong></span> <span class='ocrx_word' id='word_1_232' title='bbox 535 3591 626 3639; x_wconf 87' lang='lat' dir='ltr'><strong>nullius</strong></span> <span class='ocrx_word' id='word_1_233' title='bbox 643 3590 678 3637; x_wconf 91' lang='lat' dir='ltr'><strong>rei</strong></span> 
     </span>
     <span class='ocr_line' id='line_1_40' title="bbox 80 3669 680 3737; baseline -0.005 -19"><span class='ocrx_word' id='word_1_234' title='bbox 80 3673 196 3737; x_wconf 80' lang='lat' dir='ltr'><strong>indigam,</strong></span> <span class='ocrx_word' id='word_1_235' title='bbox 209 3687 299 3737; x_wconf 85' lang='lat' dir='ltr'><strong>puram</strong></span> <span class='ocrx_word' id='word_1_236' title='bbox 315 3679 339 3721; x_wconf 89' lang='lat' dir='ltr'><strong>et</strong></span> <span class='ocrx_word' id='word_1_237' title='bbox 358 3687 374 3719; x_wconf 91' lang='lat' dir='ltr'><strong>a</strong></span> <span class='ocrx_word' id='word_1_238' title='bbox 388 3670 492 3719; x_wconf 90' lang='lat' dir='ltr'><strong>materia</strong></span> <span class='ocrx_word' id='word_1_239' title='bbox 506 3669 580 3731; x_wconf 88' lang='lat' dir='ltr'><strong>longe</strong></span> <span class='ocrx_word' id='word_1_240' title='bbox 598 3683 680 3716; x_wconf 89' lang='lat' dir='ltr'><strong>semo·</strong></span> 
     </span>
     <span class='ocr_line' id='line_1_41' title="bbox 80 3748 679 3813; baseline -0.013 -11"><span class='ocrx_word' id='word_1_241' title='bbox 80 3757 136 3813; x_wconf 80' lang='lat' dir='ltr'><strong>tam,</strong></span> <span class='ocrx_word' id='word_1_242' title='bbox 151 3752 190 3801; x_wconf 87' lang='lat' dir='ltr'><strong>cui</strong></span> <span class='ocrx_word' id='word_1_243' title='bbox 206 3751 327 3801; x_wconf 88' lang='lat' dir='ltr'><strong>materiae</strong></span> <span class='ocrx_word' id='word_1_244' title='bbox 343 3756 432 3798; x_wconf 90' lang='lat' dir='ltr'><strong>natura</strong></span> <span class='ocrx_word' id='word_1_245' title='bbox 444 3765 489 3798; x_wconf 89' lang='lat' dir='ltr'><strong>sua</strong></span> <span class='ocrx_word' id='word_1_246' title='bbox 500 3748 637 3813; x_wconf 89' lang='lat' dir='ltr'><strong>quiescenti</strong></span> <span class='ocrx_word' id='word_1_247' title='bbox 654 3754 679 3795; x_wconf 92' lang='lat' dir='ltr'><strong>et</strong></span> 
     </span>
     <span class='ocr_line' id='line_1_42' title="bbox 81 3827 678 3894; baseline -0.008 -17"><span class='ocrx_word' id='word_1_248' title='bbox 81 3828 193 3879; x_wconf 81' lang='lat' dir='ltr'><strong>confusae</strong></span> <span class='ocrx_word' id='word_1_249' title='bbox 204 3845 276 3878; x_wconf 90' lang='lat' dir='ltr'><strong>mens</strong></span> <span class='ocrx_word' id='word_1_250' title='bbox 287 3829 335 3877; x_wconf 86' lang='lat' dir='ltr'><strong>ista</strong></span> <span class='ocrx_word' id='word_1_251' title='bbox 346 3827 429 3876; x_wconf 89' lang='lat' dir='ltr'><strong>divina</strong></span> <span class='ocrx_word' id='word_1_252' title='bbox 441 3834 537 3874; x_wconf 90' lang='lat' dir='ltr'><strong>motum</strong></span> <span class='ocrx_word' id='word_1_253' title='bbox 549 3832 623 3887; x_wconf 91' lang='lat' dir='ltr'><strong>atque</strong></span> <span class='ocrx_word' id='word_1_254' title='bbox 640 3839 678 3894; x_wconf 54' lang='lat' dir='ltr'><strong>ors</strong></span> 
     </span>
     <span class='ocr_line' id='line_1_43' title="bbox 81 3904 679 3967; baseline -0.01 -12"><span class='ocrx_word' id='word_1_255' title='bbox 81 3914 163 3956; x_wconf 83' lang='lat' dir='ltr'><strong>natum</strong></span> <span class='ocrx_word' id='word_1_256' title='bbox 183 3906 309 3967; x_wconf 87' lang='lat' dir='ltr'><strong>indiderit,</strong></span> <span class='ocrx_word' id='word_1_257' title='bbox 329 3905 434 3955; x_wconf 86' lang='lat' dir='ltr'><strong>creatrix</strong></span> <span class='ocrx_word' id='word_1_258' title='bbox 454 3904 517 3954; x_wconf 86' lang='lat' dir='ltr'><strong>caeli</strong></span> <span class='ocrx_word' id='word_1_259' title='bbox 540 3910 565 3952; x_wconf 90' lang='lat' dir='ltr'><strong>et</strong></span> <span class='ocrx_word' id='word_1_260' title='bbox 577 3909 679 3952; x_wconf 75' lang='lat' dir='ltr'><strong>terraer</strong></span> 
     </span>
     <span class='ocr_line' id='line_1_44' title="bbox 81 3980 680 4047; baseline -0.008 -14"><span class='ocrx_word' id='word_1_261' title='bbox 81 3985 135 4035; x_wconf 83' lang='lat' dir='ltr'><strong>vide</strong></span> <span class='ocrx_word' id='word_1_262' title='bbox 145 3987 311 4036; x_wconf 86' lang='lat' dir='ltr'><strong>Valckenaer.</strong></span> <span class='ocrx_word' id='word_1_263' title='bbox 323 3984 433 4034; x_wconf 79' lang='lat' dir='ltr'><strong>Dehtrib.</strong></span> <span class='ocrx_word' id='word_1_264' title='bbox 446 3999 472 4047; x_wconf 92' lang='lat' dir='ltr'><strong>p.</strong></span> <span class='ocrx_word' id='word_1_265' title='bbox 482 3980 512 4045; x_wconf 79' lang='lat'><strong>36</strong></span> <span class='ocrx_word' id='word_1_266' title='bbox 524 3998 579 4045; x_wconf 88' lang='lat' dir='ltr'><strong>sqq.</strong></span> <span class='ocrx_word' id='word_1_267' title='bbox 604 3980 680 4043; x_wconf 87' lang='lat' dir='ltr'><strong>Quod</strong></span> 
     </span>
     <span class='ocr_line' id='line_1_45' title="bbox 81 4059 679 4127; baseline -0.008 -16"><span class='ocrx_word' id='word_1_268' title='bbox 81 4062 102 4111; x_wconf 84' lang='lat' dir='ltr'><strong>si</strong></span> <span class='ocrx_word' id='word_1_269' title='bbox 115 4079 237 4127; x_wconf 86' lang='lat' dir='ltr'><strong>personae</strong></span> <span class='ocrx_word' id='word_1_270' title='bbox 256 4064 308 4113; x_wconf 89' lang='lat' dir='ltr'><strong>eius</strong></span> <span class='ocrx_word' id='word_1_271' title='bbox 324 4062 424 4126; x_wconf 86' lang='lat' dir='ltr'><strong>aliquid</strong></span> <span class='ocrx_word' id='word_1_272' title='bbox 437 4061 544 4124; x_wconf 87' lang='lat' dir='ltr'><strong>impium</strong></span> <span class='ocrx_word' id='word_1_273' title='bbox 563 4059 679 4119; x_wconf 80' lang='lat' dir='ltr'><strong>fundunt,</strong></span> 
     </span>
     <span class='ocr_line' id='line_1_46' title="bbox 82 4136 683 4203; baseline -0.008 -15"><span class='ocrx_word' id='word_1_274' title='bbox 82 4142 193 4191; x_wconf 87' lang='lat' dir='ltr'><strong>convenit</strong></span> <span class='ocrx_word' id='word_1_275' title='bbox 205 4142 256 4190; x_wconf 87' lang='lat' dir='ltr'><strong>hoc</strong></span> <span class='ocrx_word' id='word_1_276' title='bbox 273 4157 359 4197; x_wconf 80' lang='lat' dir='ltr'><strong>eorum</strong></span> <span class='ocrx_word' id='word_1_277' title='bbox 370 4139 483 4203; x_wconf 84' lang='lat' dir='ltr'><strong>ingeniis,</strong></span> <span class='ocrx_word' id='word_1_278' title='bbox 499 4155 523 4187; x_wconf 91' lang='lat' dir='ltr'><strong>v.</strong></span> <span class='ocrx_word' id='word_1_279' title='bbox 533 4153 556 4185; x_wconf 82' lang='lat' dir='ltr'><strong>c.</strong></span> <span class='ocrx_word' id='word_1_280' title='bbox 571 4136 683 4185; x_wconf 88' lang='lat' dir='ltr'><strong>Bellero·</strong></span> 
     </span>
     <span class='ocr_line' id='line_1_47' title="bbox 82 4216 682 4283; baseline -0.01 -15"><span class='ocrx_word' id='word_1_281' title='bbox 82 4220 176 4283; x_wconf 89' lang='lat' dir='ltr'><strong>phonti.</strong></span> <span class='ocrx_word' id='word_1_282' title='bbox 201 4221 309 4269; x_wconf 88' lang='lat' dir='ltr'><strong>Meliore</strong></span> <span class='ocrx_word' id='word_1_283' title='bbox 319 4223 373 4268; x_wconf 88' lang='lat' dir='ltr'><strong>iure</strong></span> <span class='ocrx_word' id='word_1_284' title='bbox 379 4218 491 4282; x_wconf 86' lang='lat' dir='ltr'><strong>explodit</strong></span> <span class='ocrx_word' id='word_1_285' title='bbox 499 4217 614 4264; x_wconf 88' lang='lat' dir='ltr'><strong>insanum</strong></span> <span class='ocrx_word' id='word_1_286' title='bbox 627 4216 682 4263; x_wconf 90' lang='lat' dir='ltr'><strong>Eu·</strong></span> 
     </span>
     <span class='ocr_line' id='line_1_48' title="bbox 83 4293 683 4361; baseline -0.008 -17"><span class='ocrx_word' id='word_1_287' title='bbox 83 4297 192 4361; x_wconf 91' lang='lat' dir='ltr'><strong>ripidis</strong></span> <span class='ocrx_word' id='word_1_288' title='bbox 207 4297 318 4347; x_wconf 90' lang='lat' dir='ltr'><strong>studium</strong></span> <span class='ocrx_word' id='word_1_289' title='bbox 331 4298 472 4361; x_wconf 89' lang='lat' dir='ltr'><strong>importune</strong></span> <span class='ocrx_word' id='word_1_290' title='bbox 486 4293 683 4358; x_wconf 87' lang='lat' dir='ltr'><strong>philosophandi</strong></span> 
     </span>
     <span class='ocr_line' id='line_1_49' title="bbox 82 4369 682 4437; baseline -0.008 -16"><span class='ocrx_word' id='word_1_291' title='bbox 82 4373 106 4421; x_wconf 92' lang='lat' dir='ltr'><strong>in</strong></span> <span class='ocrx_word' id='word_1_292' title='bbox 123 4390 198 4423; x_wconf 88' lang='lat' dir='ltr'><strong>scena</strong></span> <span class='ocrx_word' id='word_1_293' title='bbox 212 4383 237 4423; x_wconf 92' lang='lat' dir='ltr'><strong>et</strong></span> <span class='ocrx_word' id='word_1_294' title='bbox 253 4375 418 4437; x_wconf 87' lang='lat' dir='ltr'><strong>Anaxagorea</strong></span> <span class='ocrx_word' id='word_1_295' title='bbox 432 4371 525 4436; x_wconf 91' lang='lat' dir='ltr'><strong>placita</strong></span> <span class='ocrx_word' id='word_1_296' title='bbox 542 4369 682 4434; x_wconf 80' lang='lat' dir='ltr'><strong>exponendi</strong></span> 
     </span>
     <span class='ocr_line' id='line_1_50' title="bbox 83 4449 682 4509; baseline -0.005 -9"><span class='ocrx_word' id='word_1_297' title='bbox 83 4468 133 4503; x_wconf 86' lang='lat' dir='ltr'><strong>v.c.</strong></span> <span class='ocrx_word' id='word_1_298' title='bbox 142 4454 175 4502; x_wconf 89' lang='lat' dir='ltr'><strong>de</strong></span> <span class='ocrx_word' id='word_1_299' title='bbox 186 4454 287 4502; x_wconf 88' lang='lat' dir='ltr'><strong>aethere</strong></span> <span class='ocrx_word' id='word_1_300' title='bbox 295 4453 396 4501; x_wconf 88' lang='lat' dir='ltr'><strong>Thesm.</strong></span> <span class='ocrx_word' id='word_1_301' title='bbox 408 4468 432 4500; x_wconf 90' lang='lat' dir='ltr'><strong>v.</strong></span> <span class='ocrx_word' id='word_1_302' title='bbox 444 4463 483 4509; x_wconf 81' lang='lat'><strong>13.</strong></span> <span class='ocrx_word' id='word_1_303' title='bbox 502 4449 578 4500; x_wconf 89' lang='lat' dir='ltr'><strong>Unde</strong></span> <span class='ocrx_word' id='word_1_304' title='bbox 590 4460 682 4509; x_wconf 73' lang='lat' dir='ltr'><strong>nomen</strong></span> 
     </span>
    </p>
   </div>
   <div class='ocr_carea' id='block_1_7' title="bbox 722 624 1328 1235">
    <p class='ocr_par' dir='ltr' id='par_1_7' title="bbox 722 624 1328 1235">
     <span class='ocr_line' id='line_1_51' title="bbox 723 624 1327 686; baseline 0.005 -11"><span class='ocrx_word' id='word_1_305' title='bbox 723 627 747 675; x_wconf 88' lang='lat' dir='ltr'><strong>ei</strong></span> <span class='ocrx_word' id='word_1_306' title='bbox 756 625 837 675; x_wconf 81' lang='lat' dir='ltr'><strong>haesit</strong></span> <span class='ocrx_word' id='word_1_307' title='bbox 850 625 863 677; x_wconf 85' lang='grc' dir='ltr'>ό</span> <span class='ocrx_word' id='word_1_308' title='bbox 874 625 956 686; x_wconf 84' lang='grc' dir='ltr'>σοφάς.</span> <span class='ocrx_word' id='word_1_309' title='bbox 986 624 1050 675; x_wconf 78' lang='lat' dir='ltr'><strong>Aah.</strong></span> <span class='ocrx_word' id='word_1_310' title='bbox 1059 633 1122 686; x_wconf 79' lang='lat'>461&#39;:</span> <span class='ocrx_word' id='word_1_311' title='bbox 1133 627 1223 677; x_wconf 79' lang='grc' dir='ltr'>-οὐκούν</span> <span class='ocrx_word' id='word_1_312' title='bbox 1232 627 1327 678; x_wconf 69' lang='grc' dir='ltr'>δικαίοις</span> 
     </span>
     <span class='ocr_line' id='line_1_52' title="bbox 723 703 1328 767; baseline 0.005 -17"><span class='ocrx_word' id='word_1_313' title='bbox 723 703 910 767; x_wconf 33' lang='grc' dir='ltr'>(ἐπέτριβόνισε)</span> <span class='ocrx_word' id='word_1_314' title='bbox 920 705 986 751; x_wconf 83' lang='grc' dir='ltr'>ὅστις</span> <span class='ocrx_word' id='word_1_315' title='bbox 996 704 1037 751; x_wconf 88' lang='grc' dir='ltr'><strong>οὐκ</strong></span> <span class='ocrx_word' id='word_1_316' title='bbox 1050 703 1212 763; x_wconf 83' lang='grc' dir='ltr'>Εὐριπίδην</span> <span class='ocrx_word' id='word_1_317' title='bbox 1223 704 1328 754; x_wconf 73' lang='grc' dir='ltr'>ἐπαινεῖς</span> 
     </span>
     <span class='ocr_line' id='line_1_53' title="bbox 722 779 1328 845; baseline 0.003 -16"><span class='ocrx_word' id='word_1_318' title='bbox 722 780 980 840; x_wconf 78' lang='grc' dir='ltr'>σοφώτατουΝυδ.</span> <span class='ocrx_word' id='word_1_319' title='bbox 990 782 1051 840; x_wconf 91' lang='grc'>1378</span> <span class='ocrx_word' id='word_1_320' title='bbox 1060 779 1232 844; x_wconf 81' lang='lat' dir='ltr'><strong>(Phidippides</strong></span> <span class='ocrx_word' id='word_1_321' title='bbox 1241 782 1273 830; x_wconf 89' lang='lat' dir='ltr'><strong>ad</strong></span> <span class='ocrx_word' id='word_1_322' title='bbox 1282 797 1328 845; x_wconf 85' lang='lat' dir='ltr'><strong>pa·</strong></span> 
     </span>
     <span class='ocr_line' id='line_1_54' title="bbox 723 860 1328 920; baseline 0.002 -13"><span class='ocrx_word' id='word_1_323' title='bbox 723 861 814 919; x_wconf 82' lang='lat' dir='ltr'><strong>trem);</strong></span> <span class='ocrx_word' id='word_1_324' title='bbox 831 860 880 907; x_wconf 82' lang='grc' dir='ltr'>οίόν</span> <span class='ocrx_word' id='word_1_325' title='bbox 897 876 928 919; x_wconf 87' lang='grc' dir='ltr'>γς</span> <span class='ocrx_word' id='word_1_326' title='bbox 945 861 1043 908; x_wconf 84' lang='grc' dir='ltr'>τούστίν</span> <span class='ocrx_word' id='word_1_327' title='bbox 1058 861 1083 906; x_wconf 83' lang='lat' dir='ltr'><strong>ol</strong></span> <span class='ocrx_word' id='word_1_328' title='bbox 1098 862 1192 920; x_wconf 83' lang='grc' dir='ltr'>σοφαί</span> <span class='ocrx_word' id='word_1_329' title='bbox 1207 862 1328 919; x_wconf 74' lang='grc' dir='ltr'>ξυνουσίαι</span> 
     </span>
     <span class='ocr_line' id='line_1_55' title="bbox 724 936 1328 1000; baseline -0.002 -15"><span class='ocrx_word' id='word_1_330' title='bbox 724 937 826 986; x_wconf 85' lang='lat' dir='ltr'><strong>Thesm.</strong></span> <span class='ocrx_word' id='word_1_331' title='bbox 840 951 869 985; x_wconf 81' lang='lat' dir='ltr'><strong>ar</strong></span> <span class='ocrx_word' id='word_1_332' title='bbox 884 936 1042 1000; x_wconf 78' lang='lat' dir='ltr'><strong>(Euripidem</strong></span> <span class='ocrx_word' id='word_1_333' title='bbox 1056 936 1192 1000; x_wconf 87' lang='lat' dir='ltr'><strong>alloquitur</strong></span> <span class='ocrx_word' id='word_1_334' title='bbox 1207 937 1328 986; x_wconf 88' lang='lat' dir='ltr'><strong>Mnesilo-</strong></span> 
     </span>
     <span class='ocr_line' id='line_1_56' title="bbox 725 1014 1328 1077; baseline -0.002 -13"><span class='ocrx_word' id='word_1_335' title='bbox 725 1014 809 1075; x_wconf 85' lang='lat' dir='ltr'><strong>chus);</strong></span> <span class='ocrx_word' id='word_1_336' title='bbox 822 1014 866 1063; x_wconf 88' lang='grc' dir='ltr'>οίδ’</span> <span class='ocrx_word' id='word_1_337' title='bbox 875 1015 908 1077; x_wconf 77' lang='grc' dir='ltr'>(οἱ</span> <span class='ocrx_word' id='word_1_338' title='bbox 920 1015 1052 1076; x_wconf 80' lang='grc' dir='ltr'>πανοῦργοι</span> <span class='ocrx_word' id='word_1_339' title='bbox 1063 1014 1177 1076; x_wconf 80' lang='grc' dir='ltr'>ἐνἈιδη)</span> <span class='ocrx_word' id='word_1_340' title='bbox 1185 1016 1328 1077; x_wconf 69' lang='grc' dir='ltr'>ἀκροώμενος</span> 
     </span>
     <span class='ocr_line' id='line_1_57' title="bbox 723 1091 1327 1151; baseline 0.002 -12"><span class='ocrx_word' id='word_1_341' title='bbox 723 1091 929 1151; x_wconf 73' lang='grc' dir='ltr'>τῶν,άντιλογιῶν</span> <span class='ocrx_word' id='word_1_342' title='bbox 938 1093 1056 1148; x_wconf 79' lang='grc' dir='ltr'>άνόμιαςιν</span> <span class='ocrx_word' id='word_1_343' title='bbox 1070 1093 1245 1151; x_wconf 82' lang='grc' dir='ltr'>σοφώτατον</span> <span class='ocrx_word' id='word_1_344' title='bbox 1261 1093 1327 1141; x_wconf 89' lang='lat' dir='ltr'><strong>Ran.</strong></span> 
     </span>
     <span class='ocr_line' id='line_1_58' title="bbox 726 1167 1328 1235; baseline 0.003 -18"><span class='ocrx_word' id='word_1_345' title='bbox 726 1167 773 1230; x_wconf 87' lang='grc'><strong>776</strong></span> <span class='ocrx_word' id='word_1_346' title='bbox 780 1187 788 1228; x_wconf 85' lang='grc'><strong>;</strong></span> <span class='ocrx_word' id='word_1_347' title='bbox 799 1170 906 1235; x_wconf 51' lang='grc' dir='ltr'>αὐτότί</span> <span class='ocrx_word' id='word_1_348' title='bbox 916 1170 976 1232; x_wconf 68' lang='grc' dir='ltr'>ἀνὴρ</span> <span class='ocrx_word' id='word_1_349' title='bbox 988 1170 1149 1230; x_wconf 82' lang='grc' dir='ltr'>Εὐριπίδου</span> <span class='ocrx_word' id='word_1_350' title='bbox 1159 1172 1328 1231; x_wconf 83' lang='grc' dir='ltr'>σοφώτερος</span> 
     </span>
    </p>
   </div>
   <div class='ocr_carea' id='block_1_8' title="bbox 682 1247 1329 1309">
    <p class='ocr_par' dir='ltr' id='par_1_8' title="bbox 682 1247 1329 1309">
     <span class='ocr_line' id='line_1_59' title="bbox 682 1247 1329 1309; baseline 0.005 -14"><span class='ocrx_word' id='word_1_351' title='bbox 682 1288 685 1295; x_wconf 79' lang='grc'>,</span> <span class='ocrx_word' id='word_1_352' title='bbox 725 1249 908 1307; x_wconf 65' lang='grc' dir='ltr'>ταητηηούδὲν</span> <span class='ocrx_word' id='word_1_353' title='bbox 916 1249 965 1309; x_wconf 89' lang='grc' dir='ltr'>γόρ</span> <span class='ocrx_word' id='word_1_354' title='bbox 974 1249 1016 1296; x_wconf 80' lang='lat' dir='ltr'><strong>ott</strong></span> <span class='ocrx_word' id='word_1_355' title='bbox 1026 1247 1109 1308; x_wconf 74' lang='grc' dir='ltr'>θρέμμ’</span> <span class='ocrx_word' id='word_1_356' title='bbox 1122 1250 1213 1299; x_wconf 81' lang='grc' dir='ltr'>ἀναιδές</span> <span class='ocrx_word' id='word_1_357' title='bbox 1223 1250 1289 1298; x_wconf 73' lang='grc' dir='ltr'>ἐστιν</span> <span class='ocrx_word' id='word_1_358' title='bbox 1297 1249 1329 1298; x_wconf 83' lang='grc' dir='ltr'>ὡς</span> 
     </span>
    </p>
   </div>
   <div class='ocr_carea' id='block_1_9' title="bbox 723 1323 1337 4510">
    <p class='ocr_par' dir='ltr' id='par_1_9' title="bbox 723 1323 1330 2400">
     <span class='ocr_line' id='line_1_60' title="bbox 723 1323 1329 1388; baseline 0.005 -16"><span class='ocrx_word' id='word_1_359' title='bbox 723 1327 834 1384; x_wconf 77' lang='grc' dir='ltr'>γυναῖκες</span> <span class='ocrx_word' id='word_1_360' title='bbox 846 1326 976 1388; x_wconf 63' lang='grc'>1170308,</span> <span class='ocrx_word' id='word_1_361' title='bbox 988 1327 1014 1373; x_wconf 86' lang='grc' dir='ltr'><strong>εὐ</strong></span> <span class='ocrx_word' id='word_1_362' title='bbox 1021 1323 1045 1387; x_wconf 89' lang='grc' dir='ltr'><strong>γ’</strong></span> <span class='ocrx_word' id='word_1_363' title='bbox 1056 1323 1074 1372; x_wconf 78' lang='lat' dir='ltr'><strong>o</strong></span> <span class='ocrx_word' id='word_1_364' title='bbox 1084 1327 1237 1386; x_wconf 74' lang='grc' dir='ltr'>Παλάμηδες,</span> <span class='ocrx_word' id='word_1_365' title='bbox 1253 1324 1272 1374; x_wconf 77' lang='grc' dir='ltr'><em>ὦ</em></span> <span class='ocrx_word' id='word_1_366' title='bbox 1284 1343 1329 1375; x_wconf 87' lang='grc' dir='ltr'><strong>σα-</strong></span> 
     </span>
     <span class='ocr_line' id='line_1_61' title="bbox 728 1403 1327 1464; baseline 0.002 -13"><span class='ocrx_word' id='word_1_367' title='bbox 728 1403 852 1463; x_wconf 83' lang='grc' dir='ltr'>φωτάπη</span> <span class='ocrx_word' id='word_1_368' title='bbox 867 1404 937 1464; x_wconf 81' lang='grc' dir='ltr'>φύσις</span> <span class='ocrx_word' id='word_1_369' title='bbox 954 1403 1021 1453; x_wconf 90' lang='lat' dir='ltr'><strong>Rao.</strong></span> <span class='ocrx_word' id='word_1_370' title='bbox 1038 1403 1164 1464; x_wconf 72' lang='grc'>1451111111</span> <span class='ocrx_word' id='word_1_371' title='bbox 1181 1403 1327 1453; x_wconf 88' lang='lat' dir='ltr'><strong>Palamedes</strong></span> 
     </span>
     <span class='ocr_line' id='line_1_62' title="bbox 723 1479 1330 1543; baseline 0.005 -16"><span class='ocrx_word' id='word_1_372' title='bbox 723 1486 827 1529; x_wconf 80' lang='lat' dir='ltr'><strong>vocatur</strong></span> <span class='ocrx_word' id='word_1_373' title='bbox 846 1480 879 1528; x_wconf 92' lang='lat' dir='ltr'><strong>ob</strong></span> <span class='ocrx_word' id='word_1_374' title='bbox 902 1479 1027 1543; x_wconf 84' lang='lat' dir='ltr'><strong>singulare</strong></span> <span class='ocrx_word' id='word_1_375' title='bbox 1048 1481 1175 1542; x_wconf 86' lang='lat' dir='ltr'><strong>quoddam</strong></span> <span class='ocrx_word' id='word_1_376' title='bbox 1198 1482 1330 1543; x_wconf 81' lang='lat' dir='ltr'><strong>acumen);</strong></span> 
     </span>
     <span class='ocr_line' id='line_1_63' title="bbox 724 1557 1325 1621; baseline -0.002 -15"><span class='ocrx_word' id='word_1_377' title='bbox 724 1557 765 1619; x_wconf 81' lang='lat' dir='ltr'><strong>[cf.</strong></span> <span class='ocrx_word' id='word_1_378' title='bbox 787 1557 878 1606; x_wconf 86' lang='lat' dir='ltr'><strong>Aesch.</strong></span> <span class='ocrx_word' id='word_1_379' title='bbox 898 1557 954 1605; x_wconf 83' lang='lat' dir='ltr'><strong>adv.</strong></span> <span class='ocrx_word' id='word_1_380' title='bbox 981 1558 1006 1605; x_wconf 90' lang='grc' dir='ltr'><em>Τ</em></span> <span class='ocrx_word' id='word_1_381' title='bbox 1004 1558 1143 1605; x_wconf 74' lang='lat' dir='ltr'><strong>thearchum</strong></span> <span class='ocrx_word' id='word_1_382' title='bbox 1163 1573 1188 1621; x_wconf 89' lang='lat' dir='ltr'><strong>p.</strong></span> <span class='ocrx_word' id='word_1_383' title='bbox 1207 1573 1235 1605; x_wconf 82' lang='lat' dir='ltr'><strong>nr</strong></span> <span class='ocrx_word' id='word_1_384' title='bbox 1255 1559 1325 1617; x_wconf 78' lang='lat'><strong>§141</strong></span> 
     </span>
     <span class='ocr_line' id='line_1_64' title="bbox 723 1633 1328 1697; baseline -0.003 -13"><span class='ocrx_word' id='word_1_385' title='bbox 723 1635 824 1693; x_wconf 83' lang='lat' dir='ltr'><strong>Bekker,</strong></span> <span class='ocrx_word' id='word_1_386' title='bbox 838 1634 851 1684; x_wconf 86' lang='grc' dir='ltr'>ό</span> <span class='ocrx_word' id='word_1_387' title='bbox 863 1636 953 1684; x_wconf 82' lang='grc' dir='ltr'>οὐδενός</span> <span class='ocrx_word' id='word_1_388' title='bbox 965 1633 1040 1692; x_wconf 85' lang='grc' dir='ltr'>ἧττον</span> <span class='ocrx_word' id='word_1_389' title='bbox 1051 1635 1126 1695; x_wconf 88' lang='grc' dir='ltr'>σοφδς</span> <span class='ocrx_word' id='word_1_390' title='bbox 1139 1636 1268 1697; x_wconf 87' lang='grc' dir='ltr'>Εὐριπίδης</span> <span class='ocrx_word' id='word_1_391' title='bbox 1279 1637 1328 1683; x_wconf 85' lang='grc' dir='ltr'><strong>τιύν</strong></span> 
     </span>
     <span class='ocr_line' id='line_1_65' title="bbox 725 1710 1327 1775; baseline 0.003 -15"><span class='ocrx_word' id='word_1_392' title='bbox 725 1713 845 1771; x_wconf 58' lang='lat' dir='ltr'><strong>ramniu</strong></span> <span class='ocrx_word' id='word_1_393' title='bbox 863 1711 988 1761; x_wconf 85' lang='lat' dir='ltr'><strong>Athenae.</strong></span> <span class='ocrx_word' id='word_1_394' title='bbox 1001 1710 1044 1760; x_wconf 92' lang='lat' dir='ltr'><strong>lib.</strong></span> <span class='ocrx_word' id='word_1_395' title='bbox 1059 1723 1090 1760; x_wconf 82' lang='lat' dir='ltr'><strong>vl</strong></span> <span class='ocrx_word' id='word_1_396' title='bbox 1102 1727 1126 1775; x_wconf 86' lang='lat' dir='ltr'><strong>p.</strong></span> <span class='ocrx_word' id='word_1_397' title='bbox 1142 1724 1216 1772; x_wconf 77' lang='lat'><strong>2700</strong></span> <span class='ocrx_word' id='word_1_398' title='bbox 1229 1713 1327 1773; x_wconf 87' lang='grc' dir='ltr'>όσοφδς</span> 
     </span>
     <span class='ocr_line' id='line_1_66' title="bbox 725 1787 1328 1853; baseline 0.002 -16"><span class='ocrx_word' id='word_1_399' title='bbox 725 1791 896 1851; x_wconf 76' lang='grc' dir='ltr'>Εὐριπίδης,</span> <span class='ocrx_word' id='word_1_400' title='bbox 917 1801 991 1853; x_wconf 76' lang='grc' dir='ltr'>Χνρ.</span> <span class='ocrx_word' id='word_1_401' title='bbox 1001 1787 1084 1853; x_wconf 60' lang='lat'><strong>665».</strong></span> <span class='ocrx_word' id='word_1_402' title='bbox 1097 1790 1160 1837; x_wconf 79' lang='grc' dir='ltr'>κατά</span> <span class='ocrx_word' id='word_1_403' title='bbox 1170 1792 1212 1838; x_wconf 83' lang='grc' dir='ltr'><strong>τόν</strong></span> <span class='ocrx_word' id='word_1_404' title='bbox 1223 1791 1328 1839; x_wconf 84' lang='grc' dir='ltr'>πάνσο·</span> 
     </span>
     <span class='ocr_line' id='line_1_67' title="bbox 725 1866 1324 1930; baseline 0.002 -14"><span class='ocrx_word' id='word_1_405' title='bbox 725 1872 779 1927; x_wconf 86' lang='grc' dir='ltr'>φον</span> <span class='ocrx_word' id='word_1_406' title='bbox 795 1867 974 1930; x_wconf 83' lang='grc' dir='ltr'>Εὐριπίδην;</span> <span class='ocrx_word' id='word_1_407' title='bbox 998 1866 1056 1915; x_wconf 91' lang='lat' dir='ltr'><strong>hinc</strong></span> <span class='ocrx_word' id='word_1_408' title='bbox 1074 1873 1099 1915; x_wconf 91' lang='lat' dir='ltr'><strong>et</strong></span> <span class='ocrx_word' id='word_1_409' title='bbox 1116 1866 1179 1916; x_wconf 89' lang='lat' dir='ltr'><strong>illud</strong></span> <span class='ocrx_word' id='word_1_410' title='bbox 1198 1867 1324 1917; x_wconf 88' lang='lat' dir='ltr'><strong>Plutarchi</strong></span> 
     </span>
     <span class='ocr_line' id='line_1_68' title="bbox 724 1946 1329 2009; baseline 0.003 -14"><span class='ocrx_word' id='word_1_411' title='bbox 724 1946 756 1995; x_wconf 89' lang='lat' dir='ltr'><strong>de</strong></span> <span class='ocrx_word' id='word_1_412' title='bbox 779 1947 846 1995; x_wconf 76' lang='grc' dir='ltr'>θίαν.</span> <span class='ocrx_word' id='word_1_413' title='bbox 870 1946 983 1996; x_wconf 83' lang='lat' dir='ltr'><strong>Atlrenn.</strong></span> <span class='ocrx_word' id='word_1_414' title='bbox 1008 1961 1033 2009; x_wconf 90' lang='lat' dir='ltr'><strong>p.</strong></span> <span class='ocrx_word' id='word_1_415' title='bbox 1057 1948 1105 2009; x_wconf 84' lang='lat'><strong>948</strong></span> <span class='ocrx_word' id='word_1_416' title='bbox 1129 1946 1145 2004; x_wconf 78' lang='grc' dir='ltr'><strong>ἡ</strong></span> <span class='ocrx_word' id='word_1_417' title='bbox 1169 1947 1329 2008; x_wconf 76' lang='grc' dir='ltr'>Εὐριπίδου</span> 
     </span>
     <span class='ocr_line' id='line_1_69' title="bbox 725 2024 1329 2085; baseline 0.003 -13"><span class='ocrx_word' id='word_1_418' title='bbox 725 2026 875 2084; x_wconf 70' lang='lat' dir='ltr'><strong>sopierat</strong></span> <span class='ocrx_word' id='word_1_419' title='bbox 894 2024 909 2083; x_wconf 79' lang='grc' dir='ltr'><strong><em>ἡ</em></strong></span> <span class='ocrx_word' id='word_1_420' title='bbox 929 2025 1082 2084; x_wconf 75' lang='grc' dir='ltr'>Σοφοκλέους</span> <span class='ocrx_word' id='word_1_421' title='bbox 1100 2024 1221 2085; x_wconf 83' lang='grc' dir='ltr'>λογιότης,</span> <span class='ocrx_word' id='word_1_422' title='bbox 1242 2027 1282 2073; x_wconf 82' lang='grc' dir='ltr'><strong>καὶ</strong></span> <span class='ocrx_word' id='word_1_423' title='bbox 1299 2025 1329 2075; x_wconf 89' lang='grc' dir='ltr'><strong>τό</strong></span> 
     </span>
     <span class='ocr_line' id='line_1_70' title="bbox 724 2101 1326 2163; baseline 0.005 -13"><span class='ocrx_word' id='word_1_424' title='bbox 724 2103 850 2163; x_wconf 71' lang='grc' dir='ltr'>Αἰσχύλου</span> <span class='ocrx_word' id='word_1_425' title='bbox 871 2102 963 2161; x_wconf 84' lang='grc' dir='ltr'>στόμα,</span> <span class='ocrx_word' id='word_1_426' title='bbox 994 2102 1074 2151; x_wconf 89' lang='lat' dir='ltr'><strong>Clem.</strong></span> <span class='ocrx_word' id='word_1_427' title='bbox 1104 2101 1178 2152; x_wconf 79' lang='lat' dir='ltr'><strong>Alex.</strong></span> <span class='ocrx_word' id='word_1_428' title='bbox 1207 2104 1326 2154; x_wconf 78' lang='lat' dir='ltr'><strong>stromat.</strong></span> 
     </span>
     <span class='ocr_line' id='line_1_71' title="bbox 724 2179 1329 2244; baseline 0.005 -17"><span class='ocrx_word' id='word_1_429' title='bbox 724 2192 744 2227; x_wconf 89' lang='lat' dir='ltr'>v</span> <span class='ocrx_word' id='word_1_430' title='bbox 761 2196 787 2244; x_wconf 90' lang='lat' dir='ltr'><strong>p.</strong></span> <span class='ocrx_word' id='word_1_431' title='bbox 808 2180 863 2238; x_wconf 87' lang='grc'>688,</span> <span class='ocrx_word' id='word_1_432' title='bbox 888 2181 901 2239; x_wconf 63' lang='lat' dir='ltr'>fl</span> <span class='ocrx_word' id='word_1_433' title='bbox 924 2190 950 2240; x_wconf 84' lang='lat'><strong>71</strong></span> <span class='ocrx_word' id='word_1_434' title='bbox 972 2179 991 2229; x_wconf 75' lang='grc' dir='ltr'><strong>,ό</strong></span> <span class='ocrx_word' id='word_1_435' title='bbox 1013 2181 1052 2227; x_wconf 75' lang='grc' dir='ltr'>ἐπί</span> <span class='ocrx_word' id='word_1_436' title='bbox 1076 2180 1119 2239; x_wconf 85' lang='grc' dir='ltr'><strong>τῆς</strong></span> <span class='ocrx_word' id='word_1_437' title='bbox 1139 2182 1234 2240; x_wconf 74' lang='grc' dir='ltr'>,σκηνῆς</span> <span class='ocrx_word' id='word_1_438' title='bbox 1259 2182 1329 2241; x_wconf 77' lang='grc' dir='ltr'>φιλό·</span> 
     </span>
     <span class='ocr_line' id='line_1_72' title="bbox 726 2258 1329 2321; baseline 0.005 -15"><span class='ocrx_word' id='word_1_439' title='bbox 726 2264 802 2318; x_wconf 89' lang='grc' dir='ltr'>σοφος</span> <span class='ocrx_word' id='word_1_440' title='bbox 822 2260 967 2321; x_wconf 85' lang='grc' dir='ltr'>Εὐριπίδης;</span> <span class='ocrx_word' id='word_1_441' title='bbox 984 2266 1008 2307; x_wconf 90' lang='lat' dir='ltr'><strong>et</strong></span> <span class='ocrx_word' id='word_1_442' title='bbox 1022 2258 1157 2309; x_wconf 86' lang='lat' dir='ltr'><strong>Teleclidis</strong></span> <span class='ocrx_word' id='word_1_443' title='bbox 1176 2259 1205 2309; x_wconf 71' lang='lat' dir='ltr'><strong>ir.</strong></span> <span class='ocrx_word' id='word_1_444' title='bbox 1225 2259 1273 2309; x_wconf 90' lang='lat' dir='ltr'><strong>inc.</strong></span> <span class='ocrx_word' id='word_1_445' title='bbox 1292 2272 1329 2309; x_wconf 86' lang='grc'><strong>111</strong></span> 
     </span>
     <span class='ocr_line' id='line_1_73' title="bbox 726 2335 1202 2400; baseline 0.002 -17"><span class='ocrx_word' id='word_1_446' title='bbox 726 2336 815 2398; x_wconf 80' lang='lat' dir='ltr'><strong>(Mein.</strong></span> <span class='ocrx_word' id='word_1_447' title='bbox 828 2348 850 2384; x_wconf 93' lang='lat'><strong>11</strong></span> <span class='ocrx_word' id='word_1_448' title='bbox 863 2352 889 2400; x_wconf 92' lang='lat' dir='ltr'><strong>p.</strong></span> <span class='ocrx_word' id='word_1_449' title='bbox 903 2335 961 2398; x_wconf 78' lang='grc'>371)</span> <span class='ocrx_word' id='word_1_450' title='bbox 973 2336 1075 2399; x_wconf 73' lang='lat' dir='ltr'><strong>suprad.</strong></span> <span class='ocrx_word' id='word_1_451' title='bbox 1086 2352 1114 2400; x_wconf 82' lang='lat' dir='ltr'><strong>p.</strong></span> <span class='ocrx_word' id='word_1_452' title='bbox 1128 2336 1202 2400; x_wconf 84' lang='grc'>81911</span> 
     </span>
    </p>

    <p class='ocr_par' dir='ltr' id='par_1_10' title="bbox 725 2413 1337 4510">
     <span class='ocr_line' id='line_1_74' title="bbox 759 2413 1331 2479; baseline 0.005 -18"><span class='ocrx_word' id='word_1_453' title='bbox 759 2413 814 2463; x_wconf 90' lang='lat' dir='ltr'><strong>Iam</strong></span> <span class='ocrx_word' id='word_1_454' title='bbox 836 2417 863 2462; x_wconf 89' lang='lat' dir='ltr'><strong>in</strong></span> <span class='ocrx_word' id='word_1_455' title='bbox 879 2413 995 2476; x_wconf 81' lang='lat' dir='ltr'><strong>,personis</strong></span> <span class='ocrx_word' id='word_1_456' title='bbox 1016 2413 1143 2476; x_wconf 90' lang='lat' dir='ltr'><strong>Euripidis</strong></span> <span class='ocrx_word' id='word_1_457' title='bbox 1163 2415 1213 2463; x_wconf 91' lang='lat' dir='ltr'><strong>duo</strong></span> <span class='ocrx_word' id='word_1_458' title='bbox 1232 2415 1331 2479; x_wconf 89' lang='lat' dir='ltr'><strong>potissi·</strong></span> 
     </span>
     <span class='ocr_line' id='line_1_75' title="bbox 725 2490 1326 2555; baseline 0.003 -16"><span class='ocrx_word' id='word_1_459' title='bbox 725 2490 1198 2555; x_wconf 77' lang='lat' dir='ltr'><strong>mumreprehendebatAristophanes3</strong></span> <span class='ocrx_word' id='word_1_460' title='bbox 1210 2494 1326 2555; x_wconf 86' lang='lat' dir='ltr'><strong>primum,</strong></span> 
     </span>
     <span class='ocr_line' id='line_1_76' title="bbox 726 2568 1330 2633; baseline 0.005 -17"><span class='ocrx_word' id='word_1_461' title='bbox 726 2569 794 2632; x_wconf 92' lang='lat' dir='ltr'><strong>quod</strong></span> <span class='ocrx_word' id='word_1_462' title='bbox 811 2584 861 2616; x_wconf 90' lang='lat' dir='ltr'><strong>non</strong></span> <span class='ocrx_word' id='word_1_463' title='bbox 878 2569 938 2616; x_wconf 90' lang='lat' dir='ltr'><strong>satis</strong></span> <span class='ocrx_word' id='word_1_464' title='bbox 957 2568 1066 2616; x_wconf 92' lang='lat' dir='ltr'><strong>curiosus</strong></span> <span class='ocrx_word' id='word_1_465' title='bbox 1086 2575 1149 2617; x_wconf 89' lang='lat' dir='ltr'><strong>esset</strong></span> <span class='ocrx_word' id='word_1_466' title='bbox 1168 2568 1193 2617; x_wconf 91' lang='lat' dir='ltr'><strong>in</strong></span> <span class='ocrx_word' id='word_1_467' title='bbox 1209 2569 1330 2633; x_wconf 87' lang='lat' dir='ltr'><strong>eligendis</strong></span> 
     </span>
     <span class='ocr_line' id='line_1_77' title="bbox 726 2646 1329 2711; baseline 0.003 -16"><span class='ocrx_word' id='word_1_468' title='bbox 726 2647 847 2711; x_wconf 90' lang='lat' dir='ltr'><strong>personis,</strong></span> <span class='ocrx_word' id='word_1_469' title='bbox 860 2647 904 2695; x_wconf 89' lang='lat' dir='ltr'><strong>sed</strong></span> <span class='ocrx_word' id='word_1_470' title='bbox 920 2662 1008 2694; x_wconf 91' lang='lat' dir='ltr'><strong>omnes</strong></span> <span class='ocrx_word' id='word_1_471' title='bbox 1023 2646 1173 2694; x_wconf 90' lang='lat' dir='ltr'><strong>domesticos</strong></span> <span class='ocrx_word' id='word_1_472' title='bbox 1188 2647 1292 2696; x_wconf 91' lang='lat' dir='ltr'><strong>heroum</strong></span> <span class='ocrx_word' id='word_1_473' title='bbox 1303 2649 1329 2698; x_wconf 88' lang='lat' dir='ltr'><strong>in</strong></span> 
     </span>
     <span class='ocr_line' id='line_1_78' title="bbox 729 2723 1331 2789; baseline 0.003 -15"><span class='ocrx_word' id='word_1_474' title='bbox 729 2741 829 2774; x_wconf 90' lang='lat' dir='ltr'><strong>scenam</strong></span> <span class='ocrx_word' id='word_1_475' title='bbox 851 2724 1006 2789; x_wconf 89' lang='lat' dir='ltr'><strong>produceret,</strong></span> <span class='ocrx_word' id='word_1_476' title='bbox 1028 2723 1098 2772; x_wconf 87' lang='lat' dir='ltr'><strong>unde</strong></span> <span class='ocrx_word' id='word_1_477' title='bbox 1121 2739 1195 2787; x_wconf 89' lang='lat' dir='ltr'><strong>saepe</strong></span> <span class='ocrx_word' id='word_1_478' title='bbox 1218 2741 1331 2789; x_wconf 79' lang='lat' dir='ltr'><strong>personis</strong></span> 
     </span>
     <span class='ocr_line' id='line_1_79' title="bbox 729 2803 1330 2867; baseline 0.003 -16"><span class='ocrx_word' id='word_1_479' title='bbox 729 2819 780 2851; x_wconf 90' lang='lat' dir='ltr'><strong>non</strong></span> <span class='ocrx_word' id='word_1_480' title='bbox 792 2805 967 2851; x_wconf 85' lang='lat' dir='ltr'><strong>convenientes</strong></span> <span class='ocrx_word' id='word_1_481' title='bbox 979 2816 1110 2849; x_wconf 83' lang='lat' dir='ltr'><strong>sermones</strong></span> <span class='ocrx_word' id='word_1_482' title='bbox 1121 2803 1234 2851; x_wconf 86' lang='lat' dir='ltr'><strong>tribuerit</strong></span> <span class='ocrx_word' id='word_1_483' title='bbox 1252 2806 1330 2867; x_wconf 86' lang='grc' dir='ltr'>(Εὐρι-</span> 
     </span>
     <span class='ocr_line' id='line_1_80' title="bbox 730 2872 1332 2940; baseline 0 -12"><span class='ocrx_word' id='word_1_484' title='bbox 730 2881 800 2939; x_wconf 82' lang='grc' dir='ltr'>πίδης</span> <span class='ocrx_word' id='word_1_485' title='bbox 808 2880 959 2940; x_wconf 78' lang='grc' dir='ltr'>κωμῳδεῖται</span> <span class='ocrx_word' id='word_1_486' title='bbox 970 2878 1001 2927; x_wconf 82' lang='grc' dir='ltr'>ὡς</span> <span class='ocrx_word' id='word_1_487' title='bbox 1012 2872 1239 2940; x_wconf 82' lang='grc' dir='ltr'>ἀκαιρορρημων,</span> <span class='ocrx_word' id='word_1_488' title='bbox 1254 2881 1293 2930; x_wconf 83' lang='grc' dir='ltr'><strong>διά</strong></span> <span class='ocrx_word' id='word_1_489' title='bbox 1302 2884 1332 2931; x_wconf 88' lang='grc' dir='ltr'><strong>τδ</strong></span> 
     </span>
     <span class='ocr_line' id='line_1_81' title="bbox 729 2956 1328 3020; baseline 0 -14"><span class='ocrx_word' id='word_1_490' title='bbox 729 2959 850 3006; x_wconf 81' lang='grc' dir='ltr'>πολλάκις</span> <span class='ocrx_word' id='word_1_491' title='bbox 871 2956 1058 3018; x_wconf 80' lang='grc' dir='ltr'>περιτεθεικέναι</span> <span class='ocrx_word' id='word_1_492' title='bbox 1085 2956 1172 3015; x_wconf 83' lang='grc' dir='ltr'>λόγους</span> <span class='ocrx_word' id='word_1_493' title='bbox 1193 2957 1328 3020; x_wconf 82' lang='grc' dir='ltr'><strong>δογμάτων,Ι</strong></span> 
     </span>
     <span class='ocr_line' id='line_1_82' title="bbox 730 3034 1328 3098; baseline 0 -13"><span class='ocrx_word' id='word_1_494' title='bbox 730 3034 763 3085; x_wconf 80' lang='grc' dir='ltr'><strong>ὦν</strong></span> <span class='ocrx_word' id='word_1_495' title='bbox 774 3037 823 3085; x_wconf 76' lang='grc' dir='ltr'>ἀπὸ</span> <span class='ocrx_word' id='word_1_496' title='bbox 833 3034 994 3096; x_wconf 82' lang='grc' dir='ltr'>Ἀναξαγόρου</span> <span class='ocrx_word' id='word_1_497' title='bbox 1005 3035 1090 3092; x_wconf 75' lang='grc' dir='ltr'>ἤτινος</span> <span class='ocrx_word' id='word_1_498' title='bbox 1098 3034 1171 3090; x_wconf 80' lang='grc' dir='ltr'>ἔμαθε</span> <span class='ocrx_word' id='word_1_499' title='bbox 1180 3035 1231 3082; x_wconf 76' lang='grc' dir='ltr'>,τῶν</span> <span class='ocrx_word' id='word_1_500' title='bbox 1239 3038 1328 3098; x_wconf 80' lang='grc' dir='ltr'>σοφῶν,</span> 
     </span>
     <span class='ocr_line' id='line_1_83' title="bbox 729 3112 1333 3179; baseline 0.003 -17"><span class='ocrx_word' id='word_1_501' title='bbox 729 3116 861 3179; x_wconf 83' lang='grc' dir='ltr'>βαρβάροις</span> <span class='ocrx_word' id='word_1_502' title='bbox 887 3115 994 3174; x_wconf 78' lang='grc' dir='ltr'>γυναιξίν</span> <span class='ocrx_word' id='word_1_503' title='bbox 1013 3113 1031 3171; x_wconf 76' lang='grc' dir='ltr'><strong>,η</strong></span> <span class='ocrx_word' id='word_1_504' title='bbox 1055 3112 1182 3161; x_wconf 73' lang='grc' dir='ltr'>οἰκέταις</span> <span class='ocrx_word' id='word_1_505' title='bbox 1210 3113 1333 3177; x_wconf 86' lang='lat' dir='ltr'><strong>Origenes</strong></span> 
     </span>
     <span class='ocr_line' id='line_1_84' title="bbox 730 3190 1334 3254; baseline -0.002 -12"><span class='ocrx_word' id='word_1_506' title='bbox 730 3200 805 3242; x_wconf 78' lang='lat' dir='ltr'><strong>conte.</strong></span> <span class='ocrx_word' id='word_1_507' title='bbox 823 3193 925 3242; x_wconf 71' lang='lat' dir='ltr'><strong>Celsum</strong></span> <span class='ocrx_word' id='word_1_508' title='bbox 943 3203 985 3238; x_wconf 81' lang='grc'>1111</span> <span class='ocrx_word' id='word_1_509' title='bbox 1006 3206 1031 3254; x_wconf 92' lang='lat' dir='ltr'><strong>p.</strong></span> <span class='ocrx_word' id='word_1_510' title='bbox 1052 3199 1099 3250; x_wconf 81' lang='grc'><strong>710</strong></span> <span class='ocrx_word' id='word_1_511' title='bbox 1113 3190 1147 3238; x_wconf 87' lang='lat' dir='ltr'><strong>ed.</strong></span> <span class='ocrx_word' id='word_1_512' title='bbox 1169 3191 1295 3241; x_wconf 76' lang='lat' dir='ltr'><strong>Delame:</strong></span> <span class='ocrx_word' id='word_1_513' title='bbox 1313 3192 1334 3241; x_wconf 77' lang='lat' dir='ltr'><strong>o</strong></span> 
     </span>
     <span class='ocr_line' id='line_1_85' title="bbox 730 3264 1332 3334; baseline -0.002 -14"><span class='ocrx_word' id='word_1_514' title='bbox 730 3270 882 3334; x_wconf 87' lang='grc' dir='ltr'>τρισμακάρι’</span> <span class='ocrx_word' id='word_1_515' title='bbox 895 3269 1046 3331; x_wconf 80' lang='grc' dir='ltr'>Εὐριπίδη,</span> <span class='ocrx_word' id='word_1_516' title='bbox 1058 3264 1096 3316; x_wconf 82' lang='grc' dir='ltr'><strong>ὅθ’</strong></span> <span class='ocrx_word' id='word_1_517' title='bbox 1107 3268 1122 3316; x_wconf 83' lang='grc' dir='ltr'>ό</span> <span class='ocrx_word' id='word_1_518' title='bbox 1132 3269 1234 3318; x_wconf 85' lang='grc' dir='ltr'>δουλός</span> <span class='ocrx_word' id='word_1_519' title='bbox 1246 3269 1332 3319; x_wconf 80' lang='grc' dir='ltr'>οὑτωσί</span> 
     </span>
     <span class='ocr_line' id='line_1_86' title="bbox 731 3346 1333 3411; baseline -0.002 -13"><span class='ocrx_word' id='word_1_520' title='bbox 731 3351 827 3411; x_wconf 81' lang='grc' dir='ltr'>σοφῶς</span> <span class='ocrx_word' id='word_1_521' title='bbox 840 3348 1030 3408; x_wconf 74' lang='grc' dir='ltr'>ὑποκρίνεται</span> <span class='ocrx_word' id='word_1_522' title='bbox 1042 3346 1333 3411; x_wconf 65' lang='grc' dir='ltr'>4110,·ςαὶιετεςροη-</span> 
     </span>
     <span class='ocr_line' id='line_1_87' title="bbox 730 3425 1335 3488; baseline -0.003 -11"><span class='ocrx_word' id='word_1_523' title='bbox 730 3430 790 3487; x_wconf 91' lang='lat' dir='ltr'><strong>det)</strong></span> <span class='ocrx_word' id='word_1_524' title='bbox 810 3427 874 3476; x_wconf 89' lang='lat' dir='ltr'><strong>Ach.</strong></span> <span class='ocrx_word' id='word_1_525' title='bbox 894 3441 940 3487; x_wconf 84' lang='lat'><strong>401</strong></span> <span class='ocrx_word' id='word_1_526' title='bbox 950 3445 957 3486; x_wconf 91' lang='lat'>;</span> <span class='ocrx_word' id='word_1_527' title='bbox 970 3426 1059 3486; x_wconf 83' lang='grc' dir='ltr'><strong>Ιἔλεγεν</strong></span> <span class='ocrx_word' id='word_1_528' title='bbox 1076 3425 1092 3483; x_wconf 80' lang='grc' dir='ltr'><strong>τ)</strong></span> <span class='ocrx_word' id='word_1_529' title='bbox 1108 3427 1170 3485; x_wconf 77' lang='grc' dir='ltr'>γυνη</span> <span class='ocrx_word' id='word_1_530' title='bbox 1187 3427 1275 3485; x_wconf 80' lang='grc' dir='ltr'>τέμοι</span> <span class='ocrx_word' id='word_1_531' title='bbox 1292 3429 1335 3488; x_wconf 87' lang='grc' dir='ltr'><strong>χιύ</strong></span> 
     </span>
     <span class='ocr_line' id='line_1_88' title="bbox 731 3503 1333 3567; baseline -0.005 -11"><span class='ocrx_word' id='word_1_532' title='bbox 731 3510 835 3556; x_wconf 81' lang='grc' dir='ltr'>δοῦλος</span> <span class='ocrx_word' id='word_1_533' title='bbox 853 3507 920 3554; x_wconf 82' lang='grc' dir='ltr'>οὐδὲν</span> <span class='ocrx_word' id='word_1_534' title='bbox 938 3503 1012 3564; x_wconf 81' lang='grc' dir='ltr'>ἧττον</span> <span class='ocrx_word' id='word_1_535' title='bbox 1030 3505 1205 3565; x_wconf 78' lang='grc' dir='ltr'>χώ-δεσπόσης</span> <span class='ocrx_word' id='word_1_536' title='bbox 1221 3506 1256 3565; x_wconf 79' lang='grc' dir='ltr'><strong>χι)</strong></span> <span class='ocrx_word' id='word_1_537' title='bbox 1272 3523 1333 3567; x_wconf 82' lang='grc' dir='ltr'>παρ·</span> 
     </span>
     <span class='ocr_line' id='line_1_89' title="bbox 732 3581 1334 3646; baseline -0.003 -12"><span class='ocrx_word' id='word_1_538' title='bbox 732 3588 797 3635; x_wconf 83' lang='grc' dir='ltr'>θένος</span> <span class='ocrx_word' id='word_1_539' title='bbox 814 3586 848 3645; x_wconf 74' lang='grc' dir='ltr'><strong>χε)</strong></span> <span class='ocrx_word' id='word_1_540' title='bbox 865 3585 940 3645; x_wconf 81' lang='grc' dir='ltr'>γραῦς</span> <span class='ocrx_word' id='word_1_541' title='bbox 958 3584 987 3630; x_wconf 79' lang='grc' dir='ltr'><strong>όν</strong></span> <span class='ocrx_word' id='word_1_542' title='bbox 1005 3583 1068 3630; x_wconf 89' lang='lat' dir='ltr'><strong>Ran.</strong></span> <span class='ocrx_word' id='word_1_543' title='bbox 1082 3581 1148 3645; x_wconf 81' lang='lat'>949),</span> <span class='ocrx_word' id='word_1_544' title='bbox 1164 3581 1254 3631; x_wconf 90' lang='lat' dir='ltr'><strong>deinde</strong></span> <span class='ocrx_word' id='word_1_545' title='bbox 1266 3584 1334 3646; x_wconf 91' lang='lat' dir='ltr'><strong>quod</strong></span> 
     </span>
     <span class='ocr_line' id='line_1_90' title="bbox 731 3660 1334 3724; baseline -0.007 -12"><span class='ocrx_word' id='word_1_546' title='bbox 731 3665 758 3712; x_wconf 93' lang='lat' dir='ltr'><strong>in</strong></span> <span class='ocrx_word' id='word_1_547' title='bbox 780 3665 876 3710; x_wconf 87' lang='lat' dir='ltr'><strong>ratione</strong></span> <span class='ocrx_word' id='word_1_548' title='bbox 898 3675 973 3724; x_wconf 89' lang='lat' dir='ltr'><strong>quam</strong></span> <span class='ocrx_word' id='word_1_549' title='bbox 996 3667 1139 3722; x_wconf 86' lang='lat' dir='ltr'><strong>sequeretur</strong></span> <span class='ocrx_word' id='word_1_550' title='bbox 1160 3660 1188 3706; x_wconf 90' lang='lat' dir='ltr'><strong>in</strong></span> <span class='ocrx_word' id='word_1_551' title='bbox 1209 3662 1334 3709; x_wconf 86' lang='lat' dir='ltr'><strong>movenda</strong></span> 
     </span>
     <span class='ocr_line' id='line_1_91' title="bbox 730 3735 1333 3788; baseline -0.007 0"><span class='ocrx_word' id='word_1_552' title='bbox 730 3740 873 3788; x_wconf 89' lang='lat' dir='ltr'><strong>auditorum</strong></span> <span class='ocrx_word' id='word_1_553' title='bbox 885 3738 1042 3785; x_wconf 88' lang='lat' dir='ltr'><strong>miseratione</strong></span> <span class='ocrx_word' id='word_1_554' title='bbox 1054 3735 1138 3783; x_wconf 87' lang='lat' dir='ltr'><strong>decori</strong></span> <span class='ocrx_word' id='word_1_555' title='bbox 1150 3736 1271 3783; x_wconf 89' lang='lat' dir='ltr'><strong>rationem</strong></span> <span class='ocrx_word' id='word_1_556' title='bbox 1282 3752 1333 3784; x_wconf 91' lang='lat' dir='ltr'><strong>non</strong></span> 
     </span>
     <span class='ocr_line' id='line_1_92' title="bbox 731 3812 1333 3877; baseline -0.01 -11"><span class='ocrx_word' id='word_1_557' title='bbox 731 3818 841 3866; x_wconf 86' lang='lat' dir='ltr'><strong>haberet.</strong></span> <span class='ocrx_word' id='word_1_558' title='bbox 879 3815 937 3877; x_wconf 87' lang='lat' dir='ltr'><strong>Quo</strong></span> <span class='ocrx_word' id='word_1_559' title='bbox 954 3816 1021 3862; x_wconf 89' lang='lat' dir='ltr'><strong>enim</strong></span> <span class='ocrx_word' id='word_1_560' title='bbox 1038 3812 1207 3860; x_wconf 91' lang='lat' dir='ltr'><strong>vehementius</strong></span> <span class='ocrx_word' id='word_1_561' title='bbox 1224 3827 1333 3860; x_wconf 89' lang='lat' dir='ltr'><strong>commo·</strong></span> 
     </span>
     <span class='ocr_line' id='line_1_93' title="bbox 732 3887 1334 3954; baseline -0.012 -8"><span class='ocrx_word' id='word_1_562' title='bbox 732 3903 801 3946; x_wconf 85' lang='lat' dir='ltr'><strong>veret</strong></span> <span class='ocrx_word' id='word_1_563' title='bbox 815 3909 901 3950; x_wconf 85' lang='lat' dir='ltr'><strong>eorum</strong></span> <span class='ocrx_word' id='word_1_564' title='bbox 912 3893 1016 3949; x_wconf 88' lang='lat' dir='ltr'><strong>animos,</strong></span> <span class='ocrx_word' id='word_1_565' title='bbox 1031 3905 1099 3954; x_wconf 85' lang='lat' dir='ltr'><strong>reges</strong></span> <span class='ocrx_word' id='word_1_566' title='bbox 1111 3896 1135 3938; x_wconf 87' lang='lat' dir='ltr'><strong>et</strong></span> <span class='ocrx_word' id='word_1_567' title='bbox 1146 3887 1234 3937; x_wconf 90' lang='lat' dir='ltr'><strong>heroes</strong></span> <span class='ocrx_word' id='word_1_568' title='bbox 1245 3890 1334 3952; x_wconf 85' lang='lat' dir='ltr'><strong>pannis</strong></span> 
     </span>
     <span class='ocr_line' id='line_1_94' title="bbox 732 3967 1332 4030; baseline -0.012 -6"><span class='ocrx_word' id='word_1_569' title='bbox 732 3976 833 4024; x_wconf 88' lang='lat' dir='ltr'><strong>indutos</strong></span> <span class='ocrx_word' id='word_1_570' title='bbox 851 3971 995 4029; x_wconf 61' lang='lat' dir='ltr'><strong>et2.claud0s</strong></span> <span class='ocrx_word' id='word_1_571' title='bbox 1013 3973 1039 4018; x_wconf 89' lang='lat' dir='ltr'><strong>in</strong></span> <span class='ocrx_word' id='word_1_572' title='bbox 1055 3983 1154 4017; x_wconf 91' lang='lat' dir='ltr'><strong>scenam</strong></span> <span class='ocrx_word' id='word_1_573' title='bbox 1171 3967 1332 4030; x_wconf 88' lang='lat' dir='ltr'><strong>producebat.</strong></span> 
     </span>
     <span class='ocr_line' id='line_1_95' title="bbox 733 4045 1335 4102; baseline -0.015 0"><span class='ocrx_word' id='word_1_574' title='bbox 733 4052 912 4102; x_wconf 90' lang='lat' dir='ltr'><strong>Nobilissimus</strong></span> <span class='ocrx_word' id='word_1_575' title='bbox 939 4050 971 4097; x_wconf 92' lang='lat' dir='ltr'><strong>de</strong></span> <span class='ocrx_word' id='word_1_576' title='bbox 992 4050 1040 4097; x_wconf 90' lang='lat' dir='ltr'><strong>hac</strong></span> <span class='ocrx_word' id='word_1_577' title='bbox 1067 4063 1093 4095; x_wconf 91' lang='lat' dir='ltr'><strong>re</strong></span> <span class='ocrx_word' id='word_1_578' title='bbox 1120 4046 1189 4093; x_wconf 88' lang='lat' dir='ltr'><strong>locus</strong></span> <span class='ocrx_word' id='word_1_579' title='bbox 1214 4052 1280 4092; x_wconf 90' lang='lat' dir='ltr'><strong>extat</strong></span> <span class='ocrx_word' id='word_1_580' title='bbox 1308 4045 1335 4093; x_wconf 92' lang='lat' dir='ltr'><strong>in</strong></span> 
     </span>
     <span class='ocr_line' id='line_1_96' title="bbox 733 4123 1336 4189; baseline -0.01 -9"><span class='ocrx_word' id='word_1_581' title='bbox 733 4130 936 4182; x_wconf 79' lang='lat' dir='ltr'><strong>Acharnensibus</strong></span> <span class='ocrx_word' id='word_1_582' title='bbox 950 4145 972 4176; x_wconf 89' lang='lat' dir='ltr'><strong>v.</strong></span> <span class='ocrx_word' id='word_1_583' title='bbox 986 4140 1034 4189; x_wconf 85' lang='lat'><strong>410</strong></span> <span class='ocrx_word' id='word_1_584' title='bbox 1045 4140 1109 4188; x_wconf 84' lang='lat' dir='ltr'><strong>sqq.‚</strong></span> <span class='ocrx_word' id='word_1_585' title='bbox 1122 4123 1165 4170; x_wconf 79' lang='lat' dir='ltr'><strong>ubi</strong></span> <span class='ocrx_word' id='word_1_586' title='bbox 1177 4130 1336 4172; x_wconf 75' lang='lat' dir='ltr'><strong>recensentur</strong></span> 
     </span>
     <span class='ocr_line' id='line_1_97' title="bbox 732 4198 1335 4272; baseline -0.015 -12"><span class='ocrx_word' id='word_1_587' title='bbox 732 4226 821 4260; x_wconf 88' lang='lat' dir='ltr'><strong>omnes</strong></span> <span class='ocrx_word' id='word_1_588' title='bbox 833 4224 896 4272; x_wconf 92' lang='lat' dir='ltr'><strong>quos</strong></span> <span class='ocrx_word' id='word_1_589' title='bbox 913 4205 1044 4268; x_wconf 89' lang='lat' dir='ltr'><strong>Euripides</strong></span> <span class='ocrx_word' id='word_1_590' title='bbox 1061 4200 1176 4249; x_wconf 88' lang='lat' dir='ltr'><strong>mendico</strong></span> <span class='ocrx_word' id='word_1_591' title='bbox 1193 4198 1281 4249; x_wconf 89' lang='lat' dir='ltr'><strong>habitu</strong></span> <span class='ocrx_word' id='word_1_592' title='bbox 1297 4218 1335 4251; x_wconf 89' lang='lat' dir='ltr'><strong>re·</strong></span> 
     </span>
     <span class='ocr_line' id='line_1_98' title="bbox 734 4278 1335 4354; baseline -0.013 -16"><span class='ocrx_word' id='word_1_593' title='bbox 734 4287 899 4354; x_wconf 84' lang='lat' dir='ltr'><strong>praesentavit</strong></span> <span class='ocrx_word' id='word_1_594' title='bbox 908 4303 914 4334; x_wconf 91' lang='lat'>:</span> <span class='ocrx_word' id='word_1_595' title='bbox 923 4280 1089 4345; x_wconf 91' lang='lat' dir='ltr'><strong>Bellerophon</strong></span> <span class='ocrx_word' id='word_1_596' title='bbox 1097 4279 1197 4337; x_wconf 87' lang='lat' dir='ltr'><strong>scilicet,</strong></span> <span class='ocrx_word' id='word_1_597' title='bbox 1205 4278 1335 4343; x_wconf 89' lang='lat' dir='ltr'><strong>Thyestes,</strong></span> 
     </span>
     <span class='ocr_line' id='line_1_99' title="bbox 736 4357 1335 4427; baseline -0.015 -10"><span class='ocrx_word' id='word_1_598' title='bbox 736 4370 789 4427; x_wconf 88' lang='lat' dir='ltr'><strong>Ino,</strong></span> <span class='ocrx_word' id='word_1_599' title='bbox 805 4366 911 4421; x_wconf 84' lang='lat' dir='ltr'><strong>Oeneus,</strong></span> <span class='ocrx_word' id='word_1_600' title='bbox 925 4358 1085 4418; x_wconf 72' lang='lat' dir='ltr'><strong>Philoetetes,</strong></span> <span class='ocrx_word' id='word_1_601' title='bbox 1099 4357 1210 4407; x_wconf 84' lang='lat' dir='ltr'><strong>Phoenix</strong></span> <span class='ocrx_word' id='word_1_602' title='bbox 1226 4366 1251 4407; x_wconf 90' lang='lat' dir='ltr'><strong>et</strong></span> <span class='ocrx_word' id='word_1_603' title='bbox 1263 4360 1335 4409; x_wconf 88' lang='lat' dir='ltr'><strong>Tele·</strong></span> 
     </span>
     <span class='ocr_line' id='line_1_100' title="bbox 735 4435 1337 4510; baseline -0.015 -16"><span class='ocrx_word' id='word_1_604' title='bbox 735 4444 811 4510; x_wconf 84' lang='lat' dir='ltr'><strong>phos:</strong></span> <span class='ocrx_word' id='word_1_605' title='bbox 826 4444 850 4491; x_wconf 91' lang='grc' dir='ltr'><strong>τί</strong></span> <span class='ocrx_word' id='word_1_606' title='bbox 862 4443 893 4489; x_wconf 82' lang='grc' dir='ltr'><strong>τὰ</strong></span> <span class='ocrx_word' id='word_1_607' title='bbox 903 4437 975 4504; x_wconf 82' lang='grc' dir='ltr'>ῥάκι’</span> <span class='ocrx_word' id='word_1_608' title='bbox 985 4440 1011 4487; x_wconf 77' lang='grc' dir='ltr'>ἐκ</span> <span class='ocrx_word' id='word_1_609' title='bbox 1022 4436 1156 4498; x_wconf 79' lang='grc' dir='ltr'>τραγῳδίας</span> <span class='ocrx_word' id='word_1_610' title='bbox 1164 4436 1227 4496; x_wconf 84' lang='grc' dir='ltr'>ἔχεις</span> <span class='ocrx_word' id='word_1_611' title='bbox 1238 4435 1337 4496; x_wconf 79' lang='grc' dir='ltr'>ἐσθῆτ’</span> 
     </span>
    </p>
   </div>
   <div class='ocr_carea' id='block_1_10' title="bbox 629 4536 796 4617">
    <p class='ocr_par' dir='ltr' id='par_1_11' title="bbox 629 4536 796 4617">
     <span class='ocr_line' id='line_1_101' title="bbox 629 4536 796 4617; baseline 0.018 -26"><span class='ocrx_word' id='word_1_612' title='bbox 629 4584 632 4590; x_wconf 93' lang='grc'>.</span> <span class='ocrx_word' id='word_1_613' title='bbox 652 4536 654 4543; x_wconf 72' lang='lat'>&#39;</span> <span class='ocrx_word' id='word_1_614' title='bbox 683 4543 735 4595; x_wconf 79' lang='lat'><em>(821)</em></span> <span class='ocrx_word' id='word_1_615' title='bbox 791 4610 796 4617; x_wconf 88' lang='lat'><strong>.</strong></span> 
     </span>
    </p>
   </div>
   <div class='ocr_carea' id='block_1_11' title="bbox 0 0 1653 5268">
    <p class='ocr_par' dir='ltr' id='par_1_12' title="bbox 0 0 1653 5268">
     <span class='ocr_line' id='line_1_102' title="bbox 0 0 1653 5268; baseline 0 0"><span class='ocrx_word' id='word_1_616' title='bbox 0 0 1653 5268; x_wconf 95' lang='lat' dir='ltr'><strong> </strong></span> 
     </span>
    </p>
   </div>
  </div>
 </body>
</html>
