3276 5268
571 435 912 528 Ἰήιος--Ἰοφῶν
965 444 970 451 '

103 610 138 653 -et
160 609 236 668 quem'
259 604 359 664 Conon,
377 605 439 656 dum
466 607 499 656 ad
521 608 719 658 conveniendum
760 621 840 675 1114,
864 625 887 674 3,
910 624 924 675 5
946 627 1013 679 sqq,
1038 614 1106 664 Ovid
1127 617 1361 676 Metam.1vrar;

101 696 197 744 regem
210 683 376 732 Artaxerxem
391 684 520 749 pergebat,
533 686 623 735 ducem
634 687 719 736 classis
760 689 852 739 Pindar
865 692 904 740 Ol.
917 691 934 739 ii
946 708 970 741 v.
984 706 1022 753 30,
1036 693 1141 742 Theoer.
1154 695 1228 758 Idyll.
1241 694 1322 743 xxvir
1405 704 1409 709 ·

102 763 234 823 ·regiaeet
249 762 478 814 Atheniensiscum
492 764 718 829 Nicophemoreli·
805 766 927 822 Ἰόλαοιι
954 770 1072 820 Herculis
1083 773 1211 821 amicusa
1230 772 1359 821 Thebanis

111 840 176 903 quit.
213 841 278 890 Vide
288 842 394 890 Diodor.
408 841 457 891 Sic.
474 843 531 892 Lib.
545 841 603 891 xiv!
757 859 855 894 summa
876 847 997 910 religione
1019 848 1155 909 colebatur,
1173 849 1232 899 hinc
1250 851 1360 900 Boeotus

161 913 260 982 'Iriwst
276 935 299 967 v.
310 934 330 969 s.
343 934 367 968 ιι.
381 920 463 968 Παιάν
757 921 821 972 iurat
833 926 866 972 νεὶ
877 926 919 972 τὸν
928 925 1043 974 Ἰόλαον
1054 927 1119 976 Ach.
1132 925 1180 989 867

155 992 276 1050 'Itanon
292 998 646 1060 ἹθακοιἈτοδροοιπτὶδοιι,
658 1015 717 1064 qua·
809 998 939 1055 'Iorihtost
956 1005 999 1052 τὸν
1009 1003 1223 1068 'Iovhtovvulgo
1230 1003 1360 1068 legebatur

110 1071 214 1123 sidicas
232 1074 401 1136 Fugacidae
419 1074 507 1135 lilius,
521 1074 609 1125 fidium
625 1093 717 1127 nomen
758 1079 805 1142 Eq
825 1096 849 1129 ν.
872 1090 920 1143 407
937 1081 980 1129 ubi
1003 1097 1068 1131 nunc
1088 1086 1198 1146 reposuit
1188 1082 1359 1132 tMeinekius

110 1149 282 1200 Philocleonis
296 1153 344 1201 sub
363 1152 434 1201 asino
449 1154 565 1217 fugientis
584 1161 612 1204 ut
631 1155 717 1204 Ulixes
756 1153 886 1206 Βαυλίονι
902 1160 1361 1222 τὸνΒουλίουγέροντατυρροπίτιιν

110 1227 336 1293 subarieteVesp.
352 1229 405 1290 ι85
424 1230 501 1280 Cons
514 1232 718 1294 Ran1014dm·
757 1236 799 1283 ie.
812 1235 952 1284 llavorum
964 1236 1338 1303 puerornmspedtatorem

112 1306 288 1367 δρασιτολῖτοι
460 1329 464 1335 ,
804 1310 913 1378 Ἰοφόνι
931 1317 1132 1379 poetatragicus,
1147 1316 1212 1364 filius
1225 1315 1359 1380 Sophoclis

162 1379 310 1433 Ιλιίιινι”
292 1401 362 1446 ηρωι,
376 1384 527 1436 notatores
546 1387 600 1446 vtis,
624 1385 671 1449 dp
689 1385 717 1436 οὖ
757 1407 858 1440 euxore
875 1392 987 1455 legitima
1004 1393 1094 1443 Nicost
1084 1400 1149 1442 trata
1164 1395 1270 1457 genitus.
1307 1393 1358 1441 Fa·

114 1459 290 1523 Ἀριστοφάνης
302 1463 502 1526 ἔνΤριφάλιγτι(ἱ
499 1480 518 1512 ι.
524 1463 588 1527 xiv)
591 1465 717 1516 Ιλιίιναι
756 1469 827 1519 brlas
844 1471 936 1532 docuit,
950 1478 1084 1535 antequam
1095 1480 1167 1536 pater
1183 1479 1220 1521 est
1235 1479 1354 1531 mortuus,

100 1540 163 1599 Δἔφη
182 1540 237 1588 rods
255 1541 375 1599 pdhmor,
387 1543 561 1603 μεταφέρων
548 1559 579 1592 ιιι
595 1543 716 1607 ὑπερβάλ·
755 1547 883 1612 inquibus
899 1549 993 1608 ἐνίκησε
1006 1551 1135 1612 λαμπρῶις
1151 1550 1220 1599 velut
1235 1550 1276 1599 01.
1289 1551 1357 1611 87,4

75 1659 78 1663 .
110 1617 201 1666 herrm
218 1617 254 1677 τῷ
271 1618 379 1679 μεγέθει,
399 1618 429 1668 ὠς
448 1621 469 1666 εἰ
487 1621 560 1681 ἔλιγι
577 1620 718 1682 'bernoini
757 1641 813 1674 cum
842 1626 962 1691 Euripide
997 1635 1073 1692 atque
1108 1629 1170 1678 Ione
1204 1628 1357 1677 contendens

109 1696 313 1744 τιναςτοιούτουι.
328 1698 400 1745 ἄλλοι
409 1698 435 1744 δὲ
443 1698 497 1745 θεὸν
505 1699 634 1760 πριαπώδη
642 1699 717 1758 φασιν
756 1703 862 1751 alterum
881 1703 966 1753 locum
981 1705 1096 1765 obtinuit,
1108 1712 1136 1754 ut
1155 1722 1185 1755 ex
1204 1706 1310 1769 Argum.
1330 1708 1357 1753 in

101 1816 104 1821 .
161 1769 303 1835 ἰῙλλιιριαί
330 1774 353 1821 ol
373 1774 496 1836 βάρβαροι
516 1776 566 1824 θεοὶ
591 1792 716 1826 retroiret
757 1782 817 1830 Eur.
830 1782 937 1846 Hippol.
947 1790 1060 1846 apparet.
1094 1783 1254 1847 Arguebatur
1262 1783 1358 1847 quoda

111 1848 197 1910 ὥσπερ
208 1848 351 1911 Ἰλλυριοὶ
366 1852 504 1913 κεκριγότες
519 1852 717 1916 interposuisses
756 1861 844 1924 patre'
837 1876 864 1908 ιιι
875 1861 1006 1910 scribendo
1017 1861 1116 1911 adiutus
1128 1868 1191 1911 esset
1207 1869 1282 1933 atque
1293 1861 1357 1910 adeo

112 1926 178 1989 φῶτ’
200 1929 291 1975 trater
313 1927 349 1987 τῷ
367 1928 406 1976 Διί
425 1929 474 1979 Ar.
501 1942 571 1990 ¹5²1·
612 1931 716 1980 Confert
756 1944 875 2000 paternas
899 1939 1042 2002 tragoedias
1067 1954 1115 2003 pto
1135 1939 1186 1987 suis
1210 1939 1356 1998 venditaret,
1396 1967 1405 1981 .

101 2005 228 2054 .K0ckius
241 2005 359 2053 Strabon
378 2017 421 2054 vn
441 2018 495 2068 317,
508 2007 641 2068 rotavrqd'
654 2007 716 2059 οὖσα
756 2015 825 2078 quod
842 2031 893 2064 non
909 2016 1016 2066 obscure
1032 2016 1156 2080 signifiat
1175 2016 1358 2080 Aristophanes

111 2086 177 2148 (tam
188 2086 282 2150 fertilis)
296 2086 481 2150 dhtpnpetroh’
483 2090 626 2153 Ιλλυριιιιι
638 2108 715 2154 παρα·
757 2093 823 2141 Ran.
837 2106 866 2156 73
884 2108 934 2157 qno
950 2094 1007 2143 loco
1024 2095 1151 2158 Dionysbs
1168 2103 1270 2159 poetam
1286 2094 1358 2143 nobi-

110 2172 161 2229 λὶα,
179 2171 246 2231 τάχα
262 2172 307 2229 μὲν
324 2172 365 2219 καὶ
380 2170 438 2219 κατ’
452 2173 551 2232 φγνοιαν
561 2168 612 2232 τῆξ
619 2175 712 2235 ἀρετῆς,
755 2168 813 2226 lem,
826 2171 870 2218 ubi
881 2173 932 2220 duo
944 2173 1076 2236 coryphaei
1090 2173 1247 2232 decesserint,
1260 2180 1360 2236 praeter

100 2248 140 2296 »τὸ
151 2249 234 2306 μέντοι
245 2249 322 2295 πλέον
339 2248 387 2296 διὰ
405 2250 457 2308 τὴν
476 2250 642 2310 ἀγριότητα
661 2255 716 2300 τῶν
757 2248 941 2312 Iophontem
958 2250 1054 2300 nullum
1068 2266 1122 2300 esse
1140 2248 1255 2300 relietum
1278 2252 1360 2315 queri·

99 2326 270 2386 -ἀνθρώπων
281 2326 320 2373 καὶ
333 2326 361 2373 τὸ
373 2327 501 2388 λῃστρικὸν
511 2329 564 2377 ἔθος
701 2346 704 2350 ⁴
757 2330 810 2374 tur:
834 2333 859 2375 et
875 2327 908 2376 de
929 2328 978 2376 hoc
992 2330 1048 2392 ipso
1066 2328 1156 2377 dubius
1174 2329 1259 2377 haeret
1274 2335 1358 2376 utrum

99 2428 103 2433 ·
158 2400 221 2452 'Ire
228 2403 336 2451 :Cadmi
348 2403 413 2453 filia:
431 2405 592 2469 Euripideam
603 2405 714 2455 fabulam
757 2419 814 2452 eum
830 2404 903 2454 bonis
920 2421 952 2454 an
972 2407 1044 2454 malis
1060 2407 1142 2469 poetis
1156 2406 1287 2463 adscribat,
1301 2422 1357 2455 cum

103 2480 289 2544 cognominem
300 2482 400 2545 respicit
413 2483 477 2532 Ach.
491 2482 542 2545 436
558 2484 602 2532 ubi
618 2483 714 2531 lacerae
756 2488 830 2544 patre
843 2482 885 2530 vix
902 2489 1001 2531 mortuo
1018 2483 1140 2542 nondum,
1158 2483 1218 2546 quid
1236 2483 1286 2531 suis
1304 2483 1358 2547 ipse

110 2566 201 2615 vestes,
231 2575 296 2622 quae
322 2575 388 2609 unae
409 2560 509 2624 placent
537 2559 714 2624 Dicaeopolidi
756 2558 851 2607 viribus
866 2559 891 2606 in
909 2563 980 2624 poesi
996 2568 1122 2623 praestare
1138 2561 1224 2624 possit,
1246 2567 1357 2620 constet3

109 2636 177 2684 inter
187 2636 303 2699 Thyestis
318 2644 343 2686 et
362 2639 474 2686 Inonia
489 2639 569 2687 iacere
586 2638 713 2695 dicuntum
756 2637 782 2683 ri
800 2635 821 2684 δ’
841 2638 883 2685 οὐκ
902 2635 992 2697 Ἰοφῶν
1013 2639 1060 2698 (ij,-
1085 2646 1156 2701 rogat
1175 2638 1295 2687 Heracles
1317 2639 1358 2687 cui

100 2721 135 2762 .et
147 2713 224 2778 Vesp.
241 2716 356 2776 1413ubi
367 2716 465 2779 pallida
480 2716 570 2767 mulier
585 2731 713 2780 compara·
757 2714 884 2777 Dionysus
901 2716 973 2762 τοῦτο
983 2716 1033 2777 γάρ
1050 2731 1088 2763 τοι
1105 2717 1144 2764 καὶ
1162 2715 1233 2773 μόνον
1249 2713 1286 2764 ἔτ’
1304 2717 1356 2765 ἐστὶ
1390 2704 1398 2721 ’

108 2799 151 2838 tur
163 2792 294 2853 Εὐριπίδου
309 2790 382 2842 Ἰνοῖ
399 2795 537 2856 κρεμαμένῃ
548 2795 607 2856 πρὸς
623 2795 709 2843 ποδῶν.
747 2791 842 2840 λοιπὸν
854 2792 952 2854 ἀγαθόν,
966 2794 988 2840 εἰ
998 2794 1038 2840 rol
1049 2792 1115 2841 τοῦτ’
1129 2795 1186 2855 ἄρα’
1198 2794 1285 2857 οὐγὰρ
1296 2794 1357 2854 σάφ’

111 2869 155 2919 De
175 2878 323 2933 argumento
346 2871 445 2920 fabulae
461 2872 523 2921 haec
540 2872 616 2921 tradit
632 2872 712 2935 Hygi-
757 2869 800 2918 οἶδ’
816 2868 866 2918 οὐδ’
879 2870 939 2918 αὐτὸ
951 2869 1017 2918 τοῦθ’
1030 2873 1095 2920 ὅπως
1106 2873 1158 2931 ἔχει
1170 2872 1233 2920 Ran.
1247 2883 1357 2934 73-75;

107 2962 157 2995 nus
168 2946 219 2995 iab.
232 2965 262 3008 4:
282 2948 416 2998 ‘Athamas
428 2950 454 2998 in
465 2950 595 2999 Thessalia
602 2966 645 2999 rex
656 2966 713 2998 cum
757 2948 934 3013 quaerentique
945 2964 988 2997 cur
998 2964 1049 2999 non
1062 2948 1214 3013 Sophoclem
1226 2965 1257 2998 ex
1273 2950 1358 2999 inseris

110 3025 239 3073 Inonem
261 3042 371 3087 uxorem,
396 3043 427 3076 ex
454 3043 504 3092 qua
525 3027 589 3077 duos
616 3028 710 3077 filios...
757 3024 904 3075 reduelurus
931 3028 962 3074 sit
985 3027 1119 3090 respondet
1143 3043 1183 3077 vv.
1209 3028 1247 3089 78,
1275 3040 1305 3091 79
1330 3031 1358 3076 οὒ

112 3105 210 3167 perisse
227 3111 333 3168 putaret,
353 3105 423 3154 duxit
441 3106 539 3169 Hypsei
557 3106 634 3155 filiam
646 3107 713 3156 The-
757 3107 813 3167 πρίν
823 3103 847 3166 γ’
859 3106 887 3153 ἂν
897 3102 1030 3166 Ἰοφῶντ’
1044 3106 1177 3169 ἀπολαβὼν
1190 3103 1264 3155 αὐτὸν
1278 3107 1356 3166 μόνον,

108 3183 245 3229 mistonem
263 3197 372 3233 uxorem.
408 3182 448 3231 Ex
470 3199 499 3232 ea
516 3183 629 3247 geminos
648 3184 713 3234 filios
747 3181 1234 3243 -nevaopoxnt'ovstmoaetxotovtcu
1263 3185 1357 3248 Repre-

102 3261 264 3323 .procreavit:
281 3267 370 3324 postea
380 3261 462 3309 resciit
472 3261 598 3312 Inonem
617 3265 644 3311 in
656 3263 714 3311 Par·
757 3262 844 3310 hendit
853 3277 910 3310 etun
921 3263 1005 3311 nescio
1013 3262 1068 3327 quis
1079 3263 1191 3312 comicus
1197 3263 1233 3311 ob
1241 3263 1357 3327 frigidum

97 3352 175 3384 naso
196 3352 258 3396 esse,
284 3353 360 3401 quam
381 3338 552 3388 bacclrationis
575 3356 662 3390 caussa
683 3358 714 3391 eo
757 3355 838 3403 neque
850 3341 976 3388 concisum
991 3341 1091 3390 dicendi
1107 3356 1185 3404 genus
1202 3346 1264 3391 teste
1280 3341 1358 3390 schol.

108 3416 261 3479 pervenisse.
274 3417 344 3465 Misit
351 3417 394 3481 qui
401 3433 457 3466 eam
463 3418 615 3468 adducerent
624 3437 630 3468 :
638 3435 714 3484 quam
758 3418 790 3465 ad
803 3418 867 3465 Ram
879 3435 904 3466 v.
918 3418 948 3480 78
961 3420 988 3467 οὐ
998 3420 1199 3481 μόνονδὲἑτὶτῷ
1211 3418 1359 3482 τοῦπατρὸς

110 3489 250 3541 adductam
261 3493 357 3544 celavit.
375 3495 458 3544 resciit
468 3495 598 3545 Themisto
609 3513 667 3545 eam
677 3497 713 3545 in·
757 3496 902 3557 τραγῳδίαις
921 3497 1101 3558 ἐπιγράφεσθαι
1123 3499 1278 3558 κωμῳδεῖται,
1298 3496 1357 3547 ἀλλ”

51 3563 54 3569 ’
108 3578 271 3620 ventamesse
271 3573 470 3636 sedquaeesset
478 3573 611 3622 nesciebat.
622 3575 715 3639 Coepit
759 3571 847 3632 trtrqi
859 3570 951 3634 ψυχρὸς
964 3575 1005 3621 καὶ
1020 3574 1111 3635 μακρὸς
1127 3574 1271 3636 (μαλακόιῖ)
1290 3576 1355 3625 εἶναι.

108 3651 177 3699 velle
188 3651 284 3701 filios
263 3667 316 3701 ems
327 3667 432 3701 necare
448 3652 484 3701 rei
492 3654 624 3712 consciam,
638 3670 714 3717 quam
759 3650 946 3714 Quinquaginta
962 3650 1060 3698 fabulas
1075 3652 1179 3715 scripsit,
1194 3668 1298 3716 quarum
1316 3669 1359 3702 sex

109 3731 238 3792 (aptivam
260 3744 314 3778 esse
334 3729 487 3790 credebats
481 3745 561 3794 ipsam
587 3731 713 3781 Inonem
758 3728 906 3776 nominatim
914 3727 1144 3790 appellanturapud
1153 3729 1264 3786 Suidam,
1273 3729 1358 3789 Ἀχιλ-

109 3807 217 3870 sumpsit
235 3814 260 3855 et
276 3806 300 3855 ei
315 3806 378 3856 dixit
400 3814 428 3856 rt
447 3807 512 3856 filios
527 3824 588 3857 suos
602 3809 714 3861 candidis
759 3805 821 3860 λεύι,
839 3805 955 3864 llil-edos,
970 3801 1095 3864 ’,Artrolwv
1108 3802 1185 3852 Ἰλίου
1200 3805 1296 3865 Πέρσις,
1314 3807 1357 3851 Δι-

108 3885 265 3934 vestimentis
287 3889 402 3948 operiret,
417 3885 526 3935 Inonis
540 3885 604 3935 filios
627 3887 710 3950 nigris.
759 3882 863 3942 ἔᾶμῑνῦς,
884 3880 1018 3942 Βάκχαι
1000 3900 1018 3941 ιι
1040 3883 1156 3931 Πενθενι·
1188 3889 1286 3946 praeter
1313 3883 1358 3931 has

109 3963 713 4028 Inosuoscandidis,Themistonispullisopenait.
736 3987 738 3991 ·
759 3960 898 4024 tragoedias
915 3961 995 4011 Clem.
1015 3961 1150 4012 Alexandr.
1165 3963 1281 4010 Stromm·
1302 3974 1312 4009 1
1331 3978 1358 4025 p.

108 4048 171 4090 tunc
190 4041 320 4090 Themisto
337 4042 442 4105 decepta
458 4058 515 4091 suos
532 4042 598 4094 filios
615 4043 713 4103 occidit,
760 4040 808 4087 280
821 4039 945 4100 Αὐλιρδούς
956 4044 1077 4089 ιιιειιιοιιιι
1091 4038 1159 4088 velut
1172 4040 1252 4097 δρᾶμα
1262 4055 1359 4099 aarum·

108 4120 137 4167 id
153 4119 198 4167 nbi
215 4119 306 4175 resciit,
323 4122 379 4183 ipsa
400 4136 427 4168 se
449 4123 554 4170 necavit.
577 4113 714 4169 ¹Athamas
760 4118 807 4166 κόν.
842 4118 973 4167 Patremne
985 4134 1069 4169 senem
1081 4117 1210 4177 reparatos
1220 4117 1360 4165 accusando

108 4203 195 4244 autem
206 4196 232 4243 in
243 4196 374 4245 venatione
385 4212 430 4260 per
440 4196 562 4245 insaniam
575 4198 714 4247 Learchum
746 4217 749 4222 ·
760 4212 871 4244 summae
882 4197 1016 4260 impietatis
1028 4195 1157 4259 specimen·
1166 4194 1262 4243 dederit
1279 4209 1319 4242 an
1327 4195 1360 4242 ad

106 4272 231 4321 maiorem
243 4270 321 4320 filium
333 4287 405 4320 suum
420 4273 547 4331 interfecit,
562 4273 617 4322 Ino
632 4281 715 4324 autem
760 4277 889 4323 vetustatis
906 4277 1003 4323 somnia
1024 4274 1083 4322 reici
1105 4273 1212 4322 debeant
1232 4289 1296 4337 quae
1313 4274 1361 4322 hac

98 4367 170 4402 cum
192 4352 290 4400 minore
311 4350 364 4399 filio
392 4352 523 4401 Melicerte
546 4353 571 4400 in
594 4369 662 4402 mare
689 4371 716 4403 se
761 4352 793 4400 de
815 4366 841 4400 re
861 4360 977 4402 constans
988 4352 1054 4400 fama
1072 4351 1208 4411 tradiderit,
1234 4352 1297 4400 nihil
1319 4352 1361 4400 hic

107 4429 202 4479 deiecit
216 4437 242 4480 et
252 4429 301 4478 dea
311 4438 348 4478 est
359 4428 442 4481 raeta‘
477 4430 550 4479 Conl.
565 4431 713 4495 Apollodor.
761 4429 850 4479 attinet
861 4445 986 4494 quaerere.
1019 4429 1079 4480 vid.
1094 4428 1210 4479 Ciceron.
1225 4431 1280 4480 Cat.
1299 4431 1378 4479 mai.-

709 4525 763 4578 (⁸41)
