3276 5268
646 454 805 538 Κλεοφῶν

93 619 179 684 geuda
190 626 227 670 est
239 620 378 686 importuni
391 618 524 685 denagogi
536 619 703 686 insania'qu'a
739 622 772 673 -in
782 625 889 673 istorum'
898 626 1002 677 nurnero
1018 624 1093 676 fuisse
1109 640 1173 691 quos
1187 623 1296 690 populus
1307 627 1346 675 ob

94 704 152 761 post
164 698 254 748 navale
267 699 391 763 proelium
405 698 438 748 ad
449 698 587 762 Arginusas
599 699 701 764 Olymp.
739 700 830 765 *inique
849 709 950 752 necatos
972 709 1098 767 praetores
1120 703 1206 753 ulcisci
1228 710 1346 767 cuperet;

92 776 153 825 xciii
165 791 179 838 3
196 777 287 827 iterum
299 777 411 826 oblatam
428 792 517 842 pacem
528 793 580 826 non
592 777 702 827 consiliis
744 794 804 828 nam
816 786 923 829 mortem
936 779 1044 830 hominis
1059 780 1109 829 hoc
1124 778 1181 828 loco
1192 794 1346 829 commemo·

93 860 119 902 et
139 854 253 903 oratione
273 854 317 904 sed
341 854 477 904 temulenta
493 857 633 904 temeritate
655 854 701 905 rei·
743 856 793 905 rari
802 873 853 906 non
864 860 983 922 potuisse,
991 857 1038 907 nisi
1050 865 1075 907 et
1084 859 1138 922 ipse
1146 855 1236 907 eodem
1243 855 1346 906 crimine

94 932 211 980 ciendam
225 948 278 982 esse
295 932 453 992 clamaverat,
468 933 544 997 idque
560 933 587 980 iu
603 948 701 982 summa
744 933 829 983 fuisset
843 934 991 1000 implicatus.
1029 936 1112 998 Quam
1129 934 1296 999 suspicionem
1308 936 1345 982 in·

95 1011 210 1059 omnium
221 1011 386 1075 trepidatione
398 1019 423 1060 et
438 1011 546 1060 tumultu
558 1010 700 1075 pertulerat.
740 1011 847 1076 signiter
866 1012 1012 1063 confirmare
1030 1020 1115 1078 potest
1131 1013 1201 1062 locus
1219 1015 1243 1060 in
1263 1011 1346 1059 Ranir

96 1087 177 1136 Cuius
196 1089 231 1137 rei
252 1088 363 1153 locuples
383 1086 472 1138 auctor
492 1096 529 1138 est
552 1089 701 1140 Aristoteles
743 1105 779 1138 vs.
794 1092 840 1151 718
848 1106 903 1155 sqq.
917 1091 959 1140 ubi
976 1091 1081 1140 salutem
1099 1092 1243 1139 Praetorum
1260 1088 1347 1152 depre-

94 1168 121 1214 ἐν
135 1167 168 1227 τῇ
186 1164 318 1225 Ἀθηναίων
335 1168 446 1228 πολιτείᾳ
460 1174 489 1216 ut
505 1167 610 1228 videtur,
625 1184 700 1232 quem
743 1174 813 1216 catur
824 1169 913 1233 quibus
930 1170 1059 1220 imminere
1071 1169 1173 1219 exitium
1190 1168 1270 1217 virum
1288 1180 1345 1229 pru·

95 1242 181 1293 locum
200 1245 318 1293 eximium
338 1245 444 1295 servavit
466 1246 550 1296 Schol
574 1246 651 1296 Arist.
667 1246 700 1295 ad
737 1246 843 1295 dentem
860 1262 911 1295 non
928 1247 1037 1306 saliebat,
1052 1254 1076 1297 et
1091 1264 1114 1298 v.
1128 1244 1176 1311 697
1184 1261 1221 1309 sq.
1239 1244 1346 1293 collatus

92 1323 165 1373 Ran.
179 1337 214 1371 vs.
231 1324 307 1384 1580:
322 1322 496 1384 Ἀριστοτέλης
508 1325 570 1384 φησί
580 1325 644 1383 μετὰ
655 1321 701 1384 τὴν
743 1338 799 1370 cum
812 1324 876 1372 Xen.
891 1324 988 1373 Hellen.
1002 1337 1011 1372 1
1025 1335 1054 1385 75
1076 1324 1129 1387 (ubi
1146 1322 1236 1371 dicitur
1249 1321 1272 1369 Τ
1273 1320 1345 1370 hera-

92 1400 121 1446 ἐν
132 1397 300 1462 Ἀργινούσαις
316 1401 453 1462 ναυμαχίαν
470 1402 512 1450 ἐπί
528 1404 572 1451 τοῦ
589 1403 700 1451 Καλλίου
741 1405 827 1449 menes
843 1403 967 1466 ceterique
979 1403 1112 1466 demagogi
1129 1408 1240 1450 extremo
1258 1412 1343 1447 mense

93 1478 290 1533 Λακεδαιμονίων
299 1480 450 1539 βουλομένων
460 1481 487 1529 ἐκ
495 1481 622 1530 Δεκελείας
631 1481 699 1529 drit-
743 1478 914 1543 Pyanepsione
939 1480 1031 1529 multos
1056 1478 1228 1528 subomavisse
1249 1477 1343 1534 μέλανα

91 1572 141 1615 ναι,
154 1556 193 1614 ἐφ’
202 1557 235 1605 οίς
243 1557 340 1616 ἔχουσιν
348 1557 456 1617 ἐκάτεροι
468 1558 509 1606 καί
521 1559 697 1621 είρήνηνίίγειν,
742 1557 826 1615 ίμιίτια
837 1559 938 1618 ἔχοντας
949 1559 989 1607 καί
1000 1559 1024 1607 ἐν
1041 1559 1094 1620 χρῷ
1105 1556 1267 1619 κεκαρμένους,
1281 1554 1341 1600 πολ·

94 1635 330 1695 Κλεοφῶνέπειπε
338 1635 380 1683 τὸν
387 1636 460 1694 δῆμον
467 1637 501 1695 μὴ
510 1637 696 1699 προσδέξασθαι,
741 1634 797 1684 λοὺς
808 1637 834 1683 ἐν
850 1637 929 1698 ταύτῃ
939 1636 972 1698 τῇ
986 1634 1065 1699 ἐορτῇ,
1083 1635 1122 1684 ira
1132 1635 1191 1696 πρὸς
1201 1633 1246 1692 τὴν
1257 1631 1342 1688 ἐκκλη-

91 1714 175 1761 ἐλθὼν
190 1713 221 1761 είς
235 1713 279 1770 τὴν
294 1712 423 1771 ἐκκλησίαν
437 1714 530 1773 μεθύων
545 1716 586 1761 καί
602 1716 699 1776 θώρακα
741 1714 797 1761 σίαν
812 1712 891 1773 ἥκοιεν
907 1716 938 1765 ὡς
951 1717 980 1774 δὴ
998 1717 1120 1778 ξυγγενεῖς
1135 1713 1263 1763 limenio
1278 1710 1341 1757 ἐπο-

94 1791 222 1838 ἐνδεδυκὼς
244 1792 271 1838 ου
297 1791 398 1851 φάσκων
426 1791 571 1852 ἐπιτρέψειν,
597 1793 640 1840 έὰν
664 1795 699 1852 μη
740 1792 863 1851 λωλίπινν)
885 1793 911 1842 in
933 1794 972 1843 his
994 1793 1060 1843 euim
1079 1792 1189 1843 versibus
1210 1796 1286 1854 poeta
1304 1787 1341 1834 in·

94 1867 178 1916 πείσας
189 1868 270 1927 ἀφῶσι
281 1868 364 1917 πόλεις
375 1869 397 1916 οί
408 1869 597 1927 Λακεδαιμόνιοι.
617 1869 698 1918 Ευετι·
741 1868 911 1932 dignationem
934 1872 1046 1920 omnium
1068 1879 1094 1920 et
1121 1869 1241 1927 dolorem,
1265 1879 1341 1929 quem

93 1953 135 1993 tus
144 1944 229 1993 docuit
241 1944 303 1993 nihil
311 1960 431 2009 umquam
439 1945 499 2009 reip.
507 1946 699 1995 Atheniensium
741 1946 814 1995 turba
841 1948 888 1997 ista
915 1948 941 1997 in
969 1949 1099 2014 Apaturiis
1126 1945 1226 2011 lugubri
1252 1942 1341 1992 habitu

94 2022 259 2085 perniciosius
280 2023 379 2075 decerni
404 2024 522 2087 potuisse.
559 2024 650 2088 Neque
672 2024 698 2072 id
740 2025 857 2088 squalens
879 2026 1006 2091 ingentem
1025 2032 1201 2084 commoverat,
1224 2021 1341 2088 prudenti

94 2115 148 2148 non
170 2108 279 2151 senserat
301 2101 411 2165 optimus
432 2101 536 2166 quisque
556 2102 699 2151 Atticorum
741 2103 845 2151 consilio
876 2105 990 2169 mitigare
1018 2111 1042 2154 et
1075 2104 1154 2155 lenire
1188 2099 1338 2165 aggreditur.

92 2178 197 2238 civium,
211 2194 317 2243 quorum
334 2179 482 2228 seutentiam
499 2179 558 2228 satis
570 2181 699 2244 perspicue
741 2179 841 2230 Deinde
853 2181 1010 2232 Callixenum
1026 2182 1188 2232 subornatum
1204 2178 1342 2227 immittunt

95 2256 219 2319 significat
232 2257 413 2321 Aristophanes
429 2259 455 2305 in
471 2257 699 2322 versieulisquibus
740 2257 773 2305 ad
784 2258 917 2309 irritandos
928 2264 1070 2311 senatorum
1081 2260 1184 2309 animos.
1219 2257 1260 2304 Fit
1272 2267 1341 2303 sena·

94 2334 187 2389 Ranae
208 2333 332 2392 absolvit3
360 2350 419 2382 uam
442 2341 556 2398 precatus
578 2334 645 2394 deos,
671 2342 699 2384 ut
740 2342 781 2385 tus
803 2338 943 2387 consultum
966 2347 1052 2388 contra
1073 2339 1141 2402 leges
1162 2343 1190 2385 ut
1211 2332 1285 2384 simul
1308 2331 1341 2380 de

95 2411 193 2460 civibus
211 2411 350 2476 reperiendi
368 2411 436 2476 quod
451 2411 510 2475 reip.
533 2414 656 2475 optimum
668 2413 699 2462 sit
740 2416 860 2464 universis
875 2413 995 2480 ‘suffragia
1013 2416 1129 2475 serantur,
1151 2414 1218 2462 Xen.
1240 2405 1339 2472 1756.

94 2488 245 2538 facultatem
256 2490 401 2549 concedant,
414 2489 557 2553 subiungit:
738 2488 864 2540 Ἐντεῦθεν
882 2494 1012 2553 ἐκκλησίαν
1027 2493 1127 2550 ἐποίουν,
1142 2490 1178 2539 ait
1195 2485 1340 2550 Xenophon

90 2600 93 2607 ,
120 2588 241 2643 '¹⁴‘th
250 2585 698 2642 tanquamva'xtavaaveatpet'tvotm,
740 2569 810 2630 ibid,
825 2571 941 2621 omnibus
952 2572 989 2620 uti
1000 2571 1134 2635 sperabant
1149 2569 1184 2617 ita
1195 2564 1340 2628 compositis

92 2698 95 2702 ,
119 2653 231 2706 ἀργαλέον
249 2653 266 2696 π’
282 2654 305 2695 tv
321 2653 394 2699 ὅπλοις
411 2652 509 2703 ξυνόδων.
537 2654 660 2706 utaequa
676 2655 699 2696 rt
739 2652 881 2714 paratisque
899 2657 926 2698 ut
943 2648 1142 2713 negotium'sine
1161 2661 1231 2694 mora
1250 2640 1340 2691 confici

92 2776 96 2781 ,
170 2756 172 2760 >
523 2719 623 2770 μί’ίίίσθω
738 2734 829 2790 posset.
866 2728 917 2778 Sed
934 2729 1006 2777 aliter
1021 2726 1117 2776 evenit:
1134 2725 1176 2774 τὸν
1191 2723 1340 2781 Καλλίξενον

120 2780 356 2833 κᾶλλοςὸβουλόμενος
365 2782 443 2825 τούτων
452 2780 545 2836 πατρίοις
554 2782 577 2824 ἐν
586 2782 690 2835 &paripate
738 2801 937 2867 τρούκαλέόαντο
956 2805 1083 2867 παράνομα
1101 2802 1234 2862 φάσκοντα
1252 2801 1338 2859 ime,

96 2887 216 2936 Potuitne
231 2887 346 2937 disertius
363 2889 465 2939 suadere
482 2892 561 2939 acutis
573 2886 698 2954 spectato·
738 2885 858 2944 Ὑραφέναι
880 2891 904 2933 et
927 2883 1120 2948 Euryptolemffl
1146 2887 1171 2929 θί
1192 2879 1235 2928 alli
1258 2874 1279 2940 li
1301 2876 1336 2936 8),

93 2967 178 3015 ribus:
196 2981 249 3014 vos
264 2982 367 3030 pacem
384 2969 561 3031 componite
573 2975 601 3017 et
613 2966 699 3017 Cleo·
738 2962 828 3026 quibus
846 2964 949 3012 saevitia
966 2961 1053 3026 populi
1070 2957 1206 3025 perterritis
1222 2957 1338 3006 Socrates

93 3045 242 3108 phontem
261 3045 409 3094 Thracem
426 3054 607 3109 ceterosque
623 3045 698 3094 belli
738 3041 873 3100 ἐπιστάτης
883 3040 984 3104 plebem
995 3039 1108 3105 quamvis
1119 3038 1246 3086 incensam
1257 3032 1340 3081 furore

93 3123 271 3172 turbatores
287 3139 379 3187 ocyus
398 3139 433 3172 ex
450 3125 524 3173 urbe
540 3124 697 3188 expellite.
738 3125 763 3169 ei
785 3118 822 3166 ira
843 3119 924 3168 noluit
946 3119 972 3167 in
995 3114 1233 3181 suffragiamsttefe‘
1267 3110 1338 3161 Hinc

93 3200 195 3249 Eadem
206 3202 329 3250 sententia
340 3205 363 3252 ei
375 3203 507 3252 mandatur
517 3202 620 3266 laqueus
633 3203 697 3251 Ran.
737 3212 804 3246 nova
823 3213 906 3247 mora:
927 3195 1120 3261 Euryptolemus
1139 3190 1267 3258 praeclara
1284 3202 1338 3237 ora·

92 3295 117 3328 ν.
131 3290 195 3340 1500
206 3286 293 3343 utpote
302 3279 366 3329 lucis
376 3280 487 3343 indigno.
738 3275 806 3325 tione
817 3292 915 3325 reorum
931 3291 1043 3325 caussam
1058 3272 1176 3331 defendit,
1191 3271 1232 3319 καί
1245 3269 1340 3329 ἔγραψε

145 3357 292 3406 Accedebat
300 3357 375 3406 etiam
383 3358 450 3406 aliud
459 3357 528 3422 quid,
535 3358 700 3421 quamobrem·
737 3355 835 3416 γνώμην
846 3356 910 3403 κατὰ
921 3355 950 3402 τὸ
967 3355 1081 3402 Κανώνου
1092 3352 1208 3414 ψήφισμα
1220 3345 1341 3410 κρίνεσθαί

94 3433 146 3483 hoc
165 3434 220 3498 ipso
239 3451 314 3495 anno,
334 3435 436 3499 Olymp.
449 3447 520 3484 xcni
534 3451 556 3497 3,
576 3435 698 3500 quidquid
737 3433 793 3481 roris
813 3434 903 3494 ἄνδρας,
925 3434 983 3493 δίχα
1002 3433 1112 3488 ἕκαστον,
1132 3433 1145 3490 5
1167 3442 1203 3476 11.
1240 3421 1341 3473 Invidia

93 3510 150 3561 erat
161 3511 269 3561 Athenis
284 3506 453 3561 honestiorum
471 3511 562 3560 civium
578 3513 698 3561 acerrimo
739 3509 848 3559 Socratis
876 3511 1016 3559 constantia
1036 3509 1062 3557 in
1090 3507 1165 3557 aliam
1193 3502 1340 3553 concionem

92 3589 156 3638 odio
172 3589 286 3652 potentia
301 3589 445 3638 abutentem
461 3590 628 3654 demagogum
642 3606 698 3654 per·
738 3602 791 3635 rem
803 3588 887 3636 reicit:
906 3588 934 3636 fit
946 3587 1129 3649 διαχειροτονία·
1150 3584 1233 3640 τὸμὲν
1244 3582 1339 3642 πρῶτον

92 3667 269 3731 sequebantur.
292 3666 387 3715 Decem
398 3673 531 3730 praetores
546 3668 592 3716 viri
603 3668 698 3730 optime
738 3665 831 3726 ἔκριναν
843 3666 888 3723 τὴν
904 3664 1098 3724 Εὐρυπτολέμου,
1116 3659 1298 3718 ὑπομοσαμένου
1313 3655 1339 3702 δέ

95 3749 129 3798 de
149 3748 278 3812 republica
294 3748 384 3807 meriti,
410 3747 566 3812 iniquissima
583 3748 698 3796 crimina·
738 3744 782 3790 τοῦ
808 3743 957 3790 Μενεκλέους
984 3741 1023 3788 καί
1051 3737 1127 3786 πάλιν
1154 3734 1339 3798 διαχειροτονίας

93 3830 165 3875 tione
188 3825 349 3875 circumventi
371 3828 441 3875 etin
460 3826 547 3875 salutis
566 3825 699 3874 discrimen
738 3821 866 3884 γενομένης
884 3821 976 3882 ἔκριναν
991 3817 1036 3878 τὴν
1051 3819 1093 3878 τῆς
1106 3818 1201 3880 βουλῆς.
1239 3816 1339 3863 Interea

94 3911 167 3954 erant
195 3901 306 3953 adducti.
353 3905 409 3951 Iam
433 3903 499 3952 ultro
527 3904 699 3952 exacerbatam
739 3900 871 3963 demagogi
889 3906 914 3948 et
932 3898 1099 3947 Theramenes
1118 3909 1196 3944 novos
1216 3893 1339 3941 Proedros

93 3983 199 4048 plebem
210 3981 343 4046 demagogi
355 3997 442 4030 omnes
453 3982 532 4045 magis
543 3981 619 4030 etiam
632 3981 700 4030 iusti·
739 3979 765 4027 in
777 3994 832 4027 suas
844 3984 927 4041 partes
938 3976 1089 4041 pertrahunt,
1102 3974 1228 4036 προέδρους
1239 3970 1338 4031 ἐγκαθέ-

94 4061 206 4124 gabant:
225 4060 238 4109 ὸ
256 4060 515 4122 δῆμος-παροξυνθείς
533 4058 580 4107 ὑπὸ
596 4060 645 4107 τῶν
659 4061 698 4118 δη·
740 4074 795 4106 τους
807 4056 906 4116 ὑφέντες
923 4055 1024 4115 (Aesch.
1040 4054 1134 4103 Socrat.
1150 4062 1183 4099 111
1198 4049 1252 4108 ¹2l³
1270 4047 1338 4112 quod

94 4139 227 4200 μαγινγῶν,
242 4138 287 4196 τὴν
298 4137 373 4199 ὀργὴν
384 4138 527 4199 ἀπέσκηψεν
537 4139 570 4186 είς
582 4138 700 4199 ίίνδρας-
740 4136 766 4182 in
777 4149 843 4182 nova
854 4133 971 4197 Prytania
982 4131 1099 4181 accidisse
1110 4135 1136 4178 et
1145 4142 1240 4175 moram
1253 4125 1339 4175 secisse

95 4218 198 4266 πολλῶν
210 4215 313 4265 ἐπαίνων
329 4218 370 4264 καί
383 4216 511 4275 στεφάνων
526 4216 603 4277 ἀξίους
621 4215 698 4264 Diod.
739 4213 799 4261 satis
810 4228 927 4276 magnam
938 4210 1059 4276 persuasit
1072 4206 1192 4256 Luzacius
1204 4205 1233 4253 de
1242 4206 1336 4255 Socrat.

96 4294 149 4344 Sic.
167 4305 223 4342 xm
245 4308 303 4342 ror:
322 4307 403 4356 neque
419 4292 455 4340 ibi
473 4292 595 4356 quievisse
614 4292 699 4341 Cleo·
743 4292 795 4341 Cio.
812 4307 838 4355 p.
865 4302 911 4352 ²¹7
926 4306 979 4354 sqq.
1000 4293 1025 4337 et
1042 4284 1201 4336 confirmatur
1220 4300 1236 4333 a
1253 4284 1339 4333 Xeno·

94 4373 243 4437 phontem
264 4371 384 4426 indicium
403 4371 505 4435 praebet
525 4369 594 4420 locus
614 4371 699 4420 Xeno·
740 4369 898 4433 phonte511
915 4368 958 4416 ubi
976 4366 1016 4414 καί
1031 4366 1094 4425 μετὰ
1110 4364 1190 4412 ταῦτα
1204 4362 1339 4425 κατεψηφί·

93 4450 221 4516 phonteus
229 4449 345 4500 ballena
358 4459 370 4510 7
381 4461 419 4511 35,
430 4449 496 4498 unde
505 4448 700 4498 conficitureum
741 4463 816 4499 σανπο
829 4446 856 4495 in
866 4446 932 4496 hanc
945 4449 1043 4509 partem
1054 4443 1120 4492 bene
1133 4440 1214 4505 accipi
1227 4444 1338 4505 possunt.

696 4545 749 4598 (⁸⁵⁷)
