3262 5254
522 507 527 517 ,
618 488 630 505 -.
651 440 1118 540 Λύκυνέ-Λυσιατράτη

253 619 296 665 tus
314 612 422 676 (Herod.
435 609 520 675 11‘81).
556 611 702 676 Aegyptum
715 610 791 671 enim·
803 611 857 675 Ly·
897 627 964 670 paro
978 610 1010 659 «δὲ
1031 610 1048 670 ἡ
1067 606 1195 659 Ἀσπασία
1213 608 1277 675 μετὰ
1296 607 1339 656 τὸν
1356 605 1508 667 Περικλέους

255 691 342 756 curgl
368 691 476 757 patriam
497 689 573 739 luisse
594 690 707 738 habitam
736 688 810 737 docet
832 695 857 738 et
899 687 1161 738 θάνατονΛυσικλιῖ
1178 688 1213 747 τῷ
1231 675 1449 749 προβατοκοπιήλῳ
1462 684 1508 731 καί

257 771 417 820 Pherecrates
430 768 534 831 Ἀγρίοις
550 769 579 817 fr.
592 780 611 816 v
623 768 712 830 (Mein.
726 779 748 816 11
761 783 786 831 p.
801 766 856 829 257)
899 769 924 826 ἐξ
946 768 1020 815 αὐτοῦ
1039 767 1112 826 ἔσχεν
1132 766 1182 814 ullu
1200 765 1299 821 ὀνάματι
1318 763 1444 825 Πορίστην
1462 762 1506 809 καί

256 851 397 914 Aegyptios
414 847 547 912 Lycurgi
565 847 703 907 πατριώτας
717 843 853 908 appellans.
898 838 1099 893 τὸνΛυσικλέα
1109 843 1200 907 ρητάρα
1210 842 1348 890 δεινότατον
1355 839 1506 888 κατεσκευά·

254 926 329 994 ΙΛΙίος
338 934 421 974 tamen
430 924 500 972 illam
508 922 738 987 originationemad
749 920 857 970 hominis
899 938 968 982 σασα,
996 920 1108 984 καθάπερ
1135 923 1174 970 καί
1206 919 1328 983 Περικλέα
1356 919 1508 979 δημηγορεῖν

253 1004 373 1065 ,πονηρίαν
384 1005 486 1052 traxisse
497 1001 589 1050 docent
605 999 753 1049 scholiastae
766 999 855 1048 verba:
898 1001 1080 1061 παρεσκεύασεν

251 1079 385 1144 ,διαβάλλει
397 1079 418 1128 δ’
430 1081 504 1128 αύτὸν
514 1079 530 1139 ἢ
542 1078 572 1129 ώς
589 1078 655 1138 ξένον
665 1078 681 1138 η
693 1077 724 1126 dt
741 1077 857 1136 πονηράνι
946 1074 1137 1140 Λυσικράτηςι
1155 1077 1203 1126 Λκ.
1212 1088 1259 1137 513
1269 1077 1311 1124 τὸν
1322 1068 1509 1137 Λυσικράτη

252 1155 424 1220 ,αίγυπτιάζειν
445 1157 512 1206 enim
534 1157 602 1206 idem
623 1155 675 1204 fere
697 1155 766 1219 quod
786 1172 857 1214 τονη·
897 1157 977 1218 τηρῶν
993 1157 1031 1203 ὅτι
1049 1141 1198 1216 δωροδοκοίη.
1233 1153 1285 1203 Alii
1302 1153 1392 1203 ducem
1408 1152 1507 1215 impro-

254 1239 377 1301 ρεύεσθαι.
412 1235 478 1284 Vide
490 1251 542 1301 an.
556 1231 694 1298 Αίγυπτος
898 1233 959 1281 bum
977 1240 1002 1283 et
1022 1232 1192 1296 peculatorem
1209 1231 1251 1280 hic
1267 1230 1379 1292 intellegi
1396 1229 1505 1277 volunta

264 1340 267 1344 ·
305 1309 417 1363 Λύκωνι
437 1312 568 1361 Scholiast.
588 1311 686 1360 Platon.
703 1310 810 1360 Bekker.
830 1326 856 1374 p.
888 1311 941 1367 ,alii
961 1313 1111 1374 tragicorum
1133 1317 1264 1373 poetarum
1285 1307 1437 1372 plagiarium
1459 1307 1506 1355 ob·

258 1403 305 1453 332
318 1392 420 1439 Λύκων
431 1391 513 1452 πατὴρ
524 1386 554 1449 ἦν
563 1388 771 1445 Δύτολύκου,”Ιων
781 1390 856 1449 γένος,
899 1405 1004 1439 scurum.
1030 1387 1174 1437 Deformem
1186 1387 1260 1437 fuisse
1272 1393 1376 1450 apparet
1388 1401 1419 1433 ex
1432 1385 1505 1434 Eccl.

258 1471 332 1530 δῆμον
347 1469 461 1532 θορίκιος,
483 1468 561 1528 πένης,
578 1467 608 1516 bs
624 1467 744 1528 Κρατῖνος
758 1466 856 1527 Πυτίνῃ,
899 1466 948 1528 630
959 1467 975 1525 ἡ
986 1464 1188 1527 Λυσικράτους
1203 1467 1249 1526 άρα
1265 1466 1314 1512 νυνί
1331 1464 1366 1526 ῥίς
1382 1466 1425 1511 ίσα
1438 1465 1507 1512 ’τοῖσι

254 1544 434 1610 ’Λριστοφάνης
451 1546 550 1605 Σφηξίν,
586 1544 694 1592 Πύπολιν
705 1540 726 1592 δ’
739 1544 763 1592 ἐν
778 1544 859 1592 Φίλοις
900 1547 997 1594 καλοῖσι
1008 1546 1136 1606 φρονήσεις
1152 1543 1213 1593 ibid.
1230 1542 1276 1604 736
1294 1551 1322 1592 ut
1336 1543 1424 1592 mollis
1437 1543 1507 1590 ride·

258 1627 299 1675 καί
310 1625 351 1673 ἐπί
362 1625 393 1686 τῇ
408 1625 503 1684 γυναικί
517 1622 600 1682 Ῥοδίῳ
612 1623 720 1682 κωμῳδεῖ
735 1620 816 1669 αύτύν·
835 1622 860 1669 ἐν
899 1630 939 1671 tur
961 1623 1004 1687 qui
1026 1622 1114 1686 capitis
1133 1623 1216 1671 nivem
1238 1622 1368 1685 pigmento
1391 1622 1507 1684 quodam

257 1705 285 1752 ,δὲ
296 1704 332 1764 τῷ
343 1703 431 1762 πρώτῳ
442 1697 575 1760 Λύτολύκῳ
586 1700 616 1751 ὡς
627 1701 700 1760 ξένον,
713 1699 859 1760 Μεταγένης
899 1701 997 1762 celaret,
1013 1701 1041 1750 τά
1053 1698 1180 1765 φάρμακον
1191 1699 1210 1762 ᾤ
1222 1698 1409 1762 Λυσικράτης
1419 1700 1508 1758 μελαί·

253 1780 277 1832 ,δ’
291 1784 316 1832 ἐν
324 1782 423 1843 Ὁμήρῳ
434 1781 466 1831 είς
477 1778 725 1843 προὸάτηνίΜςίαείκ.
734 1791 756 1827 Π
763 1794 788 1844 p.
802 1778 858 1839 755)
898 1794 965 1826 νεται

271 1884 275 1889 ·
409 1865 638 1911 καὶΛάκωνὲνπαῦύά
647 1882 687 1908 που
948 1851 1093 1905 Λύσιλλαί
1111 1869 1204 1902 nomen
1222 1853 1343 1902 muliebre
1361 1853 1430 1902 Nub.
1444 1851 1504 1914 684,

292 1976 294 1979 ,
334 1933 372 1959 ⁴³*
386 1932 473 1984 προδοὺς
483 1932 609 1971 Nasamon
618 1930 717 1983 άμγύύων
725 1927 796 1981 taeda
899 1933 947 1983 Th.
964 1944 1011 1996 374
1022 1931 1066 1980 ubi
1085 1931 1221 1980 Fritzschio
1238 1928 1303 1981 tette
1319 1930 1416 1981 irrideri
1432 1930 1506 1980 vide·

258 2080 261 2084 Ὺ
334 1994 750 2055 ³7⁰⁹&³l⁰lt²“f⁶l¹“l⁹⁵l²¹¹⁰f”'⁵““‘·
898 2018 939 2059 tur
959 2010 1094 2074 Lysicles
1113 2025 1170 2059 cum
1188 2009 1285 2058 duobus
1304 2010 1361 2059 aliis
1378 2011 1506 2059 semiviris

259 2087 291 2139 In
315 2085 480 2136 Philocleonis
503 2085 613 2135 convivis
635 2091 778 2135 numeratur
803 2100 859 2134 cum
899 2090 1012 2141 Timocle
1034 2096 1060 2138 et
1079 2090 1204 2139 Sostrato:
1229 2088 1369 2138 Sostratam
1389 2090 1460 2138 enim
1480 2094 1506 2139 et

258 2166 317 2215 viris
328 2165 454 2214 nobilibus
465 2172 490 2214 et
501 2164 621 2213 famelicis
633 2164 709 2228 Vesp.
725 2178 799 2226 13013
816 2166 860 2223 τὴν
899 2170 1048 2233 Lysillam
1067 2169 1183 2232 coniungi
1199 2169 1267 2217 Nub.
1279 2169 1296 2218 l,
1307 2185 1327 2217 c,
1339 2172 1366 2216 in
1377 2169 1506 2218 eiusmodi

258 2245 391 2294 Λύκωνος
403 2243 461 2306 Lys.
479 2256 526 2305 a7o
538 2245 553 2293 i.
565 2259 587 2292 e.
599 2258 702 2291 uxorem
717 2242 855 2306 Lyconis
898 2247 963 2308 loco,
981 2247 1007 2297 in
1027 2263 1077 2311 quo
1098 2247 1234 2297 effeminati
1255 2246 1370 2296 homines
1389 2263 1505 2297 commo·

258 2326 429 2390 Lysistratam.
467 2325 507 2374 De
528 2324 656 2387 Lycone,
677 2331 765 2387 postea
786 2339 857 2373 accu·
899 2327 999 2375 dissime
1011 2325 1137 2388 potuerint
1148 2325 1219 2373 illudi
1295 2338 1298 2342 ·

257 2412 339 2455 satore
369 2403 478 2452 Socratis
507 2402 615 2463 (Platon.
639 2401 739 2464 Apolog.
764 2402 857 2450 διτταί.
948 2402 1111 2467 Λυσιμάχηι
1129 2405 1203 2452 λῦσον
1222 2404 1248 2452 δὲ
1265 2402 1348 2465 μάχας
1364 2404 1506 2469 (Trygaeus

258 2498 314 2547 cap.
330 2498 347 2529 x
363 2497 390 2545 p.
405 2494 468 2544 agn,
484 2476 592 2543 Diogen.
616 2473 700 2552 Laert.
719 2491 741 2526 11
760 2478 809 2543 39),
829 2496 859 2529 ex
899 2490 954 2532 orat
965 2483 1038 2533 deam
1051 2480 1150 2542 Pacem)
1162 2481 1200 2530 ίνα
1217 2479 1398 2542 Λυσιμάχην
1414 2499 1446 2530 σε
1461 2501 1505 2533 κα-

258 2562 331 2610 Ionia
348 2560 453 2610 oriundo
465 2566 490 2609 et
508 2558 618 2607 Thorico
637 2573 703 2621 pago
721 2558 856 2621 adscript0,
899 2561 979 2617 λῶμεν
999 2561 1054 2610 Pac.
1077 2561 1133 2624 982,
1154 2575 1244 2623 nempe
1262 2567 1289 2608 ut
1308 2576 1339 2609 ex
1358 2577 1385 2609 re
1408 2576 1505 2610 nomen

258 2655 332 2704 quem
362 2639 516 2701 Metagenes,
545 2644 573 2686 ut
601 2644 699 2685 notaret
730 2642 858 2700 tamquam
899 2636 1005 2697 habeat;
1022 2638 1094 2686 sicin
1112 2638 1170 2700 Lys.
1186 2649 1232 2698 554
1251 2638 1315 2696 οίραί
1335 2656 1397 2686 ποτε
1415 2641 1505 2689 Λυσι·

257 2717 415 2787 peregrinum
437 2716 552 2780 aliquem,
571 2714 614 2779 qui
637 2714 727 2763 iniuria
746 2715 857 2763 Atticam
898 2712 1070 2775 μάχαςημᾶς
1080 2717 1105 2764 ἐν
1116 2716 1279 2774 τοῐςἝλλησι
1290 2718 1420 2764 καλεῖσθαι

257 2796 382 2845 civitatem
401 2794 568 2857 usurpavisset
587 2799 612 2842 et
631 2800 759 2856 tamquam
777 2792 856 2840 homi·
948 2791 1142 2858 Λυαισπράπηε
1165 2809 1272 2858 persona
1290 2793 1390 2843 fabulae
1409 2811 1505 2858 cogno·

224 2919 226 2923 ,
256 2890 314 2930 uem
336 2873 452 2936 ignavum
476 2870 653 2935 imbellemque
680 2870 722 2934 qui
750 2870 776 2918 in
803 2871 858 2919 foro
899 2870 973 2919 minis
984 2868 1044 2921 fieta
1057 2872 1105 2919 άπὸ
1116 2873 1159 2919 τοῦ
1176 2874 1241 2919 λύειν
1255 2869 1299 2920 τάν
1315 2874 1428 2934 στρατόν,
1444 2890 1505 2923 con·

256 2952 336 3001 multa
357 2951 472 3010 effutiret,
493 2950 583 3012 άγορᾶς
606 2951 707 3010 άγαλμα
730 2949 772 3010 (cf.
795 2949 854 2999 Eur.
898 2948 981 2997 silium
1001 2949 1066 3013 cepit
1084 2949 1149 2998 viros
1167 2950 1200 2998 ad
1218 2965 1305 3013 pacem
1323 2953 1462 3000 ineundam
1480 2954 1506 3001 vi

256 3031 350 3080 Eleltr.
364 3029 420 3092 384)
432 3027 576 3092 appellavit,
590 3028 648 3075 vide
660 3027 750 3091 Bergk.
764 3029 856 3077 Comm.
899 3028 1004 3090 cogendi
1015 3035 1040 3076 et
1052 3028 1183 3077 Graeciam
1198 3036 1277 3077 totam
1292 3028 1340 3078 hoc
1356 3031 1435 3078 modo
1454 3047 1505 3080 ser-

256 3125 281 3173 p.
296 3121 352 3170 423,
367 3106 510 3156 Schneider.
531 3106 557 3154 in
574 3106 654 3168 Epist.
673 3106 708 3153 ad
722 3108 855 3156 Buttman·
898 3105 991 3154 vendi:
1014 3121 1091 3168 quare
1112 3105 1228 3155 mulieres
1248 3122 1278 3154 ex
1298 3107 1406 3156 Boeotia
1429 3109 1504 3158 Pelo·

257 3201 320 3234 num
334 3184 449 3248 prefixa
469 3183 584 3246 Xenoph.
600 3182 680 3232 Ακαύ.
698 3199 723 3246 p.
735 3184 794 3233 xxiii
800 3202 808 3243 3
825 3184 857 3233 de
898 3199 1011 3248 ponneso
1029 3191 1053 3233 et
1071 3184 1157 3232 Attica
1176 3192 1323 3233 convocatas
1343 3186 1417 3234 fateri
1435 3190 1506 3252 cogit

231 3276 235 3283 ¹
257 3263 309 3312 eins
321 3261 444 3324 impudica
460 3277 537 3310 uxore
554 3261 655 3309 Rhodia
671 3268 696 3309 et
713 3260 765 3310 filio
777 3262 856 3311 Anto·
898 3278 925 3311 se
936 3261 1001 3310 male
1013 3261 1076 3310 ferre
1093 3262 1231 3311 absentiam
1248 3263 1357 3312 virorum
1369 3271 1394 3312 et
1413 3281 1505 3328 pacem

256 3339 321 3402 lyco,
335 3337 446 3387 Meinek.
459 3336 492 3386 ad
508 3337 599 3401 Eupol.
613 3337 751 3386 Λύτύλυκον
763 3340 806 3387 Fr.
820 3341 852 3400 iv,
899 3355 989 3403 cupere
999 3339 1143 3389 unanimes:
1160 3356 1236 3404 quam
1248 3356 1298 3390 uno
1310 3343 1388 3391 modo
1400 3344 1505 3394 confieri

258 3429 280 3471 11
296 3432 323 3480 p.
337 3430 393 3476 441,
413 3427 423 3463 1
441 3430 465 3478 p.
487 3428 539 3477 117.
577 3415 635 3477 Quo
653 3422 766 3479 tempore
786 3417 857 3466 Nau·
898 3421 1007 3482 exponit,
1028 3419 1048 3467 si
1071 3419 1104 3467 ad
1126 3434 1202 3468 unam
1219 3435 1306 3468 omnes
1328 3422 1388 3471 viris
1410 3433 1506 3487 negent

256 3491 359 3559 padlum
386 3492 525 3557 prodidisse
552 3493 601 3541 dici
629 3493 707 3558 possit
736 3496 856 3558 quaesivit
899 3497 1066 3557 concubitum,
1078 3497 1118 3546 vel
1135 3498 1277 3547 verberatae
1293 3500 1431 3562 praebeant
1450 3519 1505 3552 ma·

257 3572 379 3638 Bergkius
404 3573 537 3639 Commal.
551 3573 568 3622 l.
604 3574 671 3622 Hist.
700 3574 762 3622 Crz't.
788 3576 853 3624 Com.
898 3575 972 3638 ligne.
1009 3575 1107 3623 Nolunt
1118 3574 1240 3635 mulieres,
1255 3576 1299 3624 sed
1316 3579 1420 3627 tandem
1431 3587 1460 3627 ut
1479 3581 1506 3629 in

259 3653 341 3703 otae.
356 3667 382 3714 p.
398 3659 443 3711 117
899 3668 955 3700 eam
966 3668 1018 3701 rem
1030 3656 1185 3701 coniurenta
1202 3653 1375 3716 Lysistrata
1391 3657 1506 3721 compel-

304 3725 459 3791 Λυσικλῆςτ
477 3726 615 3777 traducitur
633 3734 762 3791 tamquam
779 3727 856 3777 homo
899 3731 998 3779 luntur:
1019 3747 1109 3790 arcem,
1126 3733 1152 3778 in
1170 3746 1219 3793 qua
1234 3731 1364 3783 thesaurus
1385 3735 1503 3797 civitatis,

255 3807 345 3856 nihili:
363 3806 420 3869 περί
429 3806 471 3853 τὸν
488 3807 561 3865 δῆμον
580 3807 621 3853 τὸν
635 3803 767 3865 Ἀθηναίων
783 3809 856 3868 γιγέ-
899 3805 1315 3872 ἰοκοκςααρκουςέίίοτίίιυςαεῑαίς
1324 3811 1506 3863 sacrificiorum
1591 3860 1592 3883 ,

255 3903 328 3946 νημαι
343 3886 474 3948 βέλτιστος
489 3883 549 3945 ἀνὴρ
564 3885 628 3941 μετὰ
644 3886 802 3944 Λυσικλέα,
817 3887 857 3933 καί
899 3887 981 3950 specie
993 3893 1142 3948 occupatum
1153 3886 1190 3944 iri,
1206 3886 1264 3948 Lys.
1278 3900 1380 3953 1—239.
1406 3891 1507 3940 Audito
1591 3894 1592 3903 ¹

255 3967 350 4017 Κύνναν
368 3962 409 4011 καί
427 3962 587 4022 Σαλαβακχώ
605 3960 652 4024 Eq.
672 3959 717 4023 765
736 3962 779 4010 ubi
800 3979 857 4011 cum
900 3964 1008 4013 clamore
1030 3979 1086 4012 cum
1109 3964 1254 4013 mulieribus
1280 3965 1333 4014 abit
1361 3969 1388 4015 in
1410 3984 1504 4031 arcem,
1591 3956 1592 4003 Ῑ

255 4034 576 4102 mefetricibuscopulatur
593 4038 628 4086 ob
647 4040 786 4102 impudicos
805 4041 856 4090 eius
900 4054 1037 4104 240-253.
1073 4042 1139 4090 Cum
1154 4043 1181 4091 in
1196 4059 1227 4092 eo
1244 4044 1292 4093 sint
1310 4060 1383 4094 senes
1401 4045 1506 4107 et'rrpt-
1591 4074 1592 4091 τ

255 4136 344 4179 mores,
356 4118 414 4168 vide
425 4132 476 4167 s.n.
494 4112 624 4165 Λύσιλλα
634 4122 658 4165 et
669 4115 763 4168 Κλέων
769 4136 777 4177 3
789 4119 857 4181 tangi
898 4122 986 4183 βουλος
1007 4127 1035 4168 ut
1054 4118 1140 4170 vectes
1162 4122 1313 4175 admoveant
1335 4124 1395 4182 arci,
1419 4124 1505 4187 Lysi·
1591 4170 1592 4183 ,

256 4198 353 4255 videtur
372 4195 439 4244 idem
458 4211 482 4244 v.
505 4208 559 4257 132,
581 4208 640 4242 nam
663 4197 857 4258 προβατοπώλην
899 4202 993 4246 strata
1010 4199 1135 4260 egreditur
1146 4214 1199 4247 rem
1210 4214 1271 4248 sana
1282 4207 1366 4249 mente
1378 4204 1506 4265 composif

255 4275 330 4323 luisse
353 4289 412 4322 eum
438 4279 536 4323 constat
564 4275 707 4322 testimonio
731 4272 856 4322 Plutarchi
891 4282 954 4324 tura
961 4291 968 4335 ;
985 4275 1018 4324 ad
1030 4277 1110 4325 minas
1127 4277 1225 4326 illorum
1238 4278 1372 4327 muliemm
1389 4280 1505 4329 multitu·

255 4352 297 4400 vit.
320 4352 409 4401 Pm'cl.
433 4366 455 4400 c.
478 4350 543 4400 xxiv.
581 4349 722 4401 Scholiasta
745 4351 856 4401 Platonis
898 4353 983 4402 dinem
994 4362 1081 4403 evocat
1093 4361 1118 4404 et
1129 4356 1281 4404 audientiam
1298 4356 1346 4405 sibi
1358 4365 1437 4421 parat,
1452 4373 1504 4419 431
1591 4398 1592 4409 .

255 4429 387 4483 Memaceni
395 4443 420 4491 p.
435 4442 484 4493 923
495 4427 618 4485 Orellide
629 4428 752 4495 Aspasia:
767 4430 855 4493 ἐπεγή-
898 4432 987 4494 κ485.
1005 4433 1075 4482 Hinc
1083 4449 1167 4495 arcem
1177 4434 1344 4493 amulieribus
1352 4441 1504 4499 occupatam
1591 4472 1592 4489 .

847 4527 901 4580 (⁸⁸4)
1049 4529 1052 4534 ’
1591 4520 1592 4535 ’
