3276 5268
697 472 702 478 ¹
714 439 1165 530 Edaohrs-——Eriptrrtbrrs

301 616 445 682 perstringit
462 616 556 674 scilicet
573 617 640 681 quod
658 616 794 681 palaestras
813 617 903 666 soleret
947 623 1019 665 antro
1030 615 1187 665 extrahentes
1196 614 1349 689 (ἐξαίροντες)
1359 614 1548 675 exhibebantur,

301 694 457 758 frequentare
471 704 498 743 ut
516 696 616 744 iuvenes
633 702 808 758 corrumperet,
823 710 904 759 neque
948 694 1005 743 vide
1019 695 1077 742 Pac.
1092 709 1128 742 vs.
1142 694 1279 755 458—520.
1320 693 1360 742 De
1376 693 1477 757 poetica
1499 693 1553 741 Eu·

302 772 426 822 dubitaret
449 772 530 822 Musis
546 788 593 837 pro
610 773 673 823 lenis
695 774 738 833 uti,
758 790 815 824 cum
837 788 904 822 ama·
947 768 1388 836 polidisfacultatefabularumque
1400 786 1463 834 quas
1474 770 1552 834 scrip·

301 850 397 899 toribus
420 850 557 899 minaretur
578 866 604 899 se
624 866 709 901 eorum
727 853 835 902 amasios
856 858 904 900 tra·
947 854 979 900 sit
1001 851 1100 914 ingenio
1123 853 1158 899 ita
1180 849 1274 898 iudicat
1298 849 1426 899 Platonius
1449 849 1479 896 de
1499 848 1551 898 div.

302 926 436 977 ducturus
448 929 591 978 esseinsuis
600 929 690 978 fabulis
701 931 749 980 nisi
760 930 808 980 sibi
819 943 905 978 eorum
947 929 1010 977 chor.
1025 944 1051 992 p.
1065 940 1134 976 xxvt
1153 935 1181 977 ut
1198 930 1224 974 in
1241 934 1445 991 argumentorum
1466 926 1552 975 inven-

302 1007 401 1071 copiam
412 1008 536 1067 facerent;
553 1023 615 1071 quas
632 1008 717 1058 sordes
732 1012 823 1058 iterum
839 1010 863 1056 ei
879 1006 905 1054 in
947 1006 1017 1055 tione
1033 1013 1058 1054 et
1075 1003 1225 1054 tractatione
1244 1021 1302 1053 eum
1325 1004 1553 1068 ingeniosissimum
1632 1004 1633 1051 ἒ

302 1085 365 1133 Pace
374 1085 462 1133 acerbe
473 1085 565 1134 obiecit
576 1103 600 1134 v.
615 1084 669 1147 762,
685 1087 799 1151 quamvis
810 1094 837 1135 ut
848 1089 906 1134 ame
948 1083 1022 1133 tuisse
1033 1084 1107 1142 dicat,
1119 1083 1283 1143 εὐφανταστός
1291 1084 1358 1131 ἐστιν
1369 1084 1402 1131 εἰς
1414 1083 1555 1145 ὑπερβολὴν

303 1162 397 1211 nomini
415 1178 525 1227 parcens,
561 1163 676 1227 Plagium
693 1168 716 1213 ei
730 1164 863 1228 exprobrat
879 1162 906 1210 in
949 1163 1012 1210 κατὰ
1023 1164 1067 1210 τὰς
1079 1161 1212 1210 ὑποθέσεις·
1223 1160 1314 1224 quibus
1325 1161 1387 1209 haec
1399 1160 1487 1220 addit;
1514 1162 1555 1208 rat
1631 1222 1633 1225 ι

303 1240 416 1289 Nubibus
431 1258 453 1289 v.
474 1253 529 1303 553,
547 1257 598 1305 quo
614 1241 671 1291 loco
688 1242 801 1307 explodit
819 1255 906 1291 omnes
948 1238 1025 1301 ἤνπερ
1043 1241 1068 1288 ἐν
1083 1237 1116 1301 τῇ
1138 1239 1279 1301 παραβάσει
1294 1241 1431 1299 φαντασίαν
1450 1240 1556 1288 κινοῦσιν

303 1318 421 1379 aemulos,
435 1321 480 1382 qui
496 1319 574 1367 sterili
585 1319 686 1383 ingenio
703 1320 791 1371 eadem
807 1335 907 1383 semper
949 1317 971 1364 ol
990 1318 1079 1375 λοιποί,
1092 1317 1184 1374 ταύτην
1202 1315 1289 1363 ἐκεῖνος
1307 1314 1395 1363 ἐντοῖς
1417 1315 1552 1374 Δράμασιν,

303 1405 449 1462 argumenta
459 1400 492 1447 ad
504 1399 631 1451 fastidium
642 1417 721 1465 usque
735 1402 905 1459 decantarent,
949 1394 1081 1456 ἀναγαγεῖν
1092 1395 1170 1444 ἱκανὸς
1180 1393 1213 1443 ὢν
1226 1395 1252 1453 ἐξ
1265 1393 1325 1454 ᾅδου
1336 1393 1473 1451 νομοθετῶν
1481 1393 1555 1453 πρόσ-

303 1476 413 1541 dicitque
434 1492 491 1525 eum
513 1477 539 1524 in
561 1478 669 1538 Marica,
695 1494 771 1542 quam
794 1477 904 1527 fabulam
949 1489 1006 1521 (οπο
1026 1472 1078 1534 (ubi
1090 1475 1228 1533 putantur
1239 1472 1356 1535 intellege
1366 1486 1443 1535 quam
1464 1472 1556 1520 Cicero

303 1554 329 1602 in
352 1554 528 1618 Hyperbolum
546 1554 648 1619 eiusque
672 1564 777 1605 matrem
797 1556 903 1619 scripsit,
947 1551 980 1600 de
992 1552 1062 1599 Orat.
1078 1562 1111 1598 111
1125 1563 1155 1611 52
1173 1553 1268 1599 ‘rerum
1285 1549 1356 1614 quasi
1373 1557 1493 1612 gerantur
1509 1549 1556 1598 sub

303 1647 361 1680 suos
378 1634 501 1681 imitatum
518 1649 571 1681 esse
582 1635 691 1698 Equites,
707 1634 793 1683 addita
809 1641 907 1683 tantum
949 1625 1079 1692 aspectum
1107 1629 1176 1692 quasi
1209 1625 1400 1677 subiectionem’
1428 1627 1557 1691 appellum

304 1725 354 1757 anu
371 1709 500 1758 cordacem
519 1710 633 1769 saltante,
649 1727 724 1774 quarn
742 1728 755 1761 e
768 1711 909 1774 Phrynicho
950 1707 1014 1756 cons.
1032 1706 1179 1768 Quintilian.
1198 1708 1256 1755 inst.
1271 1711 1359 1754 orator.
1372 1718 1402 1754 vr
1416 1720 1429 1754 a
1444 1705 1487 1770 29)
1499 1705 1524 1755 h.
1532 1722 1554 1755 e.

305 1786 457 1850 sumpsisset.
499 1788 564 1835 Cum
587 1803 637 1851 quo
658 1788 714 1836 loco
731 1787 909 1852 percommode
950 1799 1011 1848 quas
1023 1783 1110 1848 reliqui
1127 1791 1217 1847 poetae
1234 1783 1341 1832 visiones
1361 1783 1400 1831 vel
1420 1784 1556 1833 absentum

307 1864 457 1912 Fritzschius
478 1866 572 1924 Quaest.
590 1866 670 1913 Arist.
687 1881 712 1928 p.
730 1881 773 1927 ¹44
792 1872 817 1914 et
833 1866 907 1928 Berg-
950 1878 1031 1911 rerum
1060 1864 1179 1926 imagines
1207 1863 1232 1910 in
1256 1862 1418 1926 parabasibus
1446 1865 1556 1911 excitare

304 1941 361 1989 kius
380 1956 421 2004 ap.
431 1941 508 1990 Mein.
528 1943 573 1990 Fr.
595 1944 660 1991 Com.
682 1954 704 1990 11
727 1959 751 2007 p.
775 1942 823 2005 964
841 1956 908 1991 com·
950 1940 1054 1999 soleant,
1088 1956 1130 1989 eas
1161 1940 1293 2003 Eupolin
1321 1942 1347 1988 in
1374 1943 1430 2004 ipsa
1454 1938 1556 1989 actione

305 2024 440 2081 posuerunt
462 2018 545 2068 locum
568 2035 582 2067 e
604 2019 719 2081 parabasi
741 2022 861 2083 Anagyri
877 2021 906 2069 fr.
950 2015 1119 2082 spectatorum
1131 2017 1209 2067 oculis
1218 2018 1337 2076 subicere,
1347 2024 1375 2067 ut
1386 2020 1430 2081 qui
1441 2026 1557 2067 mortuos

307 2096 345 2157 38,
951 2112 981 2145 ex
998 2096 1081 2144 inseris
1092 2097 1211 2145 excitatos
1229 2096 1255 2144 in
1273 2111 1372 2146 scenam
1389 2096 1513 2160 producat
1530 2104 1557 2146 et

342 2193 793 2251 ggsffistmxga,gmp,gfflmgm
802 2200 874 2248 vasu,
951 2172 983 2222 de
994 2175 1067 2222 rebus
1078 2174 1110 2222 ad
1122 2168 1229 2222 civitatis
1240 2173 1483 2222 administrationem
1500 2190 1555 2238 per-

951 2251 1086 2301 tinentibus
1108 2252 1210 2301 consilia
1233 2251 1344 2300 consenc
1360 2251 1442 2301 saciat
1482 2252 1556 2314 Quae

305 2285 349 2335 ubi
360 2287 445 2351 lepida
461 2288 608 2352 metaphora
624 2297 694 2339 notat
710 2291 835 2339 aemulum
848 2307 907 2356 poe·
952 2330 985 2378 ad
997 2332 1090 2389 Δήμους
1106 2330 1216 2380 fabulam
1234 2333 1366 2393 pertinent·
1403 2330 1452 2378 111a
1470 2338 1555 2380 autem

305 2373 366 2425 tam,
378 2366 421 2431 qui
432 2383 462 2416 ex
478 2383 528 2416 una
544 2369 674 2417 comoedia
691 2386 735 2418 sua
746 2377 795 2418 tres
811 2370 908 2419 fabulas

305 2444 504 2506 conglutinasset.
526 2446 561 2494 At
574 2445 759 2510 Eupolidem
770 2464 801 2496 eo
813 2448 907 2511 redegit

304 2521 398 2570 invidia
410 2532 443 2580 ¹ut
459 2538 510 2571 non
531 2523 656 2573 erubuerit
674 2525 781 2575 scribere
799 2525 824 2573 in
841 2527 908 2588 Βαρ

305 2605 389 2648 gamm
400 2601 515 2665 parabas,
953 2563 1022 2627 poesi
1034 2563 1166 2627 impertire,
1181 2562 1288 2612 sedeam
1300 2563 1479 2613 sublimitatem
1491 2581 1555 2629 quae

952 2640 1087 2689 venustatis
1106 2649 1131 2689 et
1148 2641 1284 2705 elegantiae
1305 2641 1428 2691 illecebris
1450 2643 1556 2694 mirifice

456 2701 712 2778 κᾰκιίρσυςτοὺςῖιππὲοι
740 2765 746 2781 ·
826 2766 833 2780 ‚
953 2725 1016 2767 esset
1038 2724 1183 2781 temperata
1218 2717 1345 2766 Platonius
1372 2720 1447 2780 enim,
1473 2718 1557 2783 ὥσπερ
1636 2734 1637 2777 1

355 2765 635 2820 matvaamamupa
644 2766 881 2820 rotrpaeatapacaunv,
955 2795 1022 2844 ἐστὶν
1038 2795 1137 2858 ὑψηλός,
1151 2795 1239 2860 inquit,
1254 2796 1317 2845 οὕτω
1333 2796 1374 2844 καὶ
1389 2797 1502 2857 ἐπίχαρις
1516 2799 1557 2845 καὶ
1636 2784 1637 2845 i

304 2871 366 2932 quia
386 2871 480 2920 sedicet
497 2871 589 2934 scripta
611 2870 733 2933 particula
756 2869 908 2919 Parabaseos
955 2875 1010 2936 περὶ
1021 2874 1053 2922 τὰ
1064 2875 1199 2933 σκώμματα
1211 2876 1335 2937 εὔστοχος,
1353 2876 1392 2921 ‘in
1406 2872 1519 2924 dicteriis
1531 2883 1556 2924 et

306 2949 340 3008 (v.
350 2949 433 3012 supra)
447 2956 547 3012 poetam
559 2948 694 2996 adiuverat.
731 2948 864 3011 Perperam
875 2948 908 2996 ad
955 2950 1072 3000 conviciis
1082 2950 1200 3000 iaciendis
1212 2951 1346 2999 concinnus
1357 2957 1382 3000 et
1393 2951 1556 3015 ingeniosus)

307 3026 489 3089 Eupolidem
520 3026 628 3075 referunt
664 3024 811 3074 scholiastae
846 3025 909 3074 alios
955 3027 1045 3077 Eidem
1056 3028 1122 3078 male
1133 3028 1232 3077 dicendi
1243 3029 1415 3093 intemperiem
1428 3029 1503 3079 fuisse
1521 3030 1558 3078 in-

306 3103 381 3162 locos,
407 3109 435 3151 ut
461 3101 529 3150 Nub.
559 3113 615 3162 542,
643 3102 700 3150 Pac.
729 3115 773 3163 741
804 3102 856 3162 (ubi
882 3102 908 3151 in
954 3106 1020 3155 dicat
1034 3107 1130 3156 Persius
1142 3108 1279 3169 Sat.1124
1297 3109 1407 3156 iratum
1426 3108 1557 3172 Eupoli·

306 3182 449 3227 universum
476 3178 587 3242 loquitur
614 3178 795 3242 Aristophanes
819 3180 852 3229 de
879 3180 909 3230 iis
954 3184 1011 3234 den
1027 3184 1119 3244 dicens,
1131 3191 1156 3233 et
1167 3184 1293 3235 Lucianus
1303 3188 1417 3234 Ιονιαιι.
1433 3198 1455 3234 11
1468 3202 1494 3250 p.
1508 3188 1557 3250 ⁸3²

305 3270 370 3318 quae
382 3255 407 3303 in
419 3256 550 3304 comoedia
560 3256 726 3315 correxissetlt
744 3257 846 3306 meliore
856 3261 909 3309 iure
960 3262 1037 3310 Wetst.
1051 3262 1095 3326 qui
1107 3262 1240 3327 Eupolin
1250 3270 1274 3313 et
1285 3264 1474 3328 Aristophanen
1482 3272 1561 3314 vocat

307 3333 410 3381 fortasse
423 3333 456 3381 ad
475 3333 667 3397 Eupolidem,
678 3334 781 3384 refertur
799 3337 867 3400 quod
883 3337 908 3385 in
952 3340 1040 3388 δεινοὺς
1057 3341 1142 3402 ἄνδρας
1164 3342 1350 3403 ἐπικερτομῆσαι
1371 3343 1404 3391 τὰ
1422 3344 1500 3401 σεμνὰ
1517 3344 1560 3391 καὶ

307 3410 372 3457 Pace
380 3425 404 3457 v.
418 3421 465 3471 740
476 3411 510 3459 ait
523 3410 705 3474 Aristophanes
716 3429 742 3462 se
753 3413 870 3474 effecisse,
882 3423 908 3464 ut
952 3417 1074 3477 χλευάσαι
1081 3419 1112 3466 τὰ
1123 3418 1203 3468 καλῶς
1214 3420 1309 3480 ἔχοντα,
1324 3436 1388 3484 quae
1399 3420 1433 3468 ad
1445 3420 1559 3470 Socratis

308 3486 406 3535 Comici
417 3486 557 3537 desinerent
567 3488 760 3551 ρακοφοροῦνται
770 3491 813 3539 i.e.
828 3491 908 3540 horni-
952 3494 1109 3558 potissimum
1131 3495 1269 3545 irrisionem
1297 3495 1411 3561 spectare
1429 3498 1556 3549 videntur.

308 3579 351 3612 nes
359 3579 450 3627 genere
459 3564 560 3613 sordido
567 3574 639 3614 natos
651 3566 677 3614 in
685 3567 775 3616 sabulis
783 3568 906 3632 inducere,
953 3569 1080 3621 Didtionis
1090 3589 1180 3636 genere
1191 3590 1249 3633 usus
1265 3582 1303 3623 est
1314 3591 1377 3638 puro
1392 3575 1507 3638 elegante
1524 3577 1558 3625 ad

307 3649 333 3691 et
343 3658 400 3691 cum
411 3643 534 3708 pediculis
545 3643 640 3693 bellum
647 3660 741 3708 gerere,
753 3647 797 3695 ubi
809 3647 908 3697 Scholi·
952 3664 1076 3698 summum
1094 3650 1199 3700 nitorem
1223 3651 1359 3702 elaborato.
1402 3652 1557 3714 Quindecim

307 3728 361 3770 asta
382 3727 493 3780 annotat,
517 3721 547 3771 ὡς
566 3724 668 3771 τοιαῦτα
690 3725 838 3785 εἰσαγόντων
859 3728 909 3775 τῶν
952 3726 1051 3775 videtur
1073 3727 1170 3777 fabulas
1188 3729 1321 3792 scripsisse,
1347 3731 1429 3792 Δῖγες,
1454 3729 1558 3792 Ἄστρα-

307 3800 389 3848 ἇλλων
406 3800 522 3860 κωμικῶν,
534 3802 665 3850 αἰνίττεται
677 3803 702 3849 δὲ
718 3803 750 3852 εἰς
767 3804 907 3853 Εὔπολιν.
952 3820 1034 3852 τευτοι
1055 3803 1072 3864 ἢ
1091 3803 1254 3869 ’Δνδρογύναι
1275 3806 1419 3868 Αὐτόλυκος,
1446 3807 1555 3871 Βάπται,

306 3878 412 3926 Constat
432 3884 566 3941 praeterea,
587 3885 615 3927 ut
636 3878 766 3928 Platonem
784 3881 810 3928 in
824 3880 909 3931 fabula
952 3882 1037 3941 Δῆμοι,
1050 3884 1160 3939 Διαιτῶν,
1174 3885 1290 3942 Εἵλωτες,
1302 3886 1420 3947 Κόλακες,
1432 3888 1555 3948 Μαρικᾶς,

307 3955 399 4015 Nixon,
421 3957 456 4003 ita
476 3954 660 4018 Eupolidem
678 3954 704 4003 in
716 3959 831 4019 Autolyco
851 3959 907 4007 Ari·
953 3960 1091 4021 Νουμηνῖαι,
1111 3962 1208 4021 Πόλεις,
1224 3963 1401 4025 Προσπαλτιοι,
1414 3965 1555 4028 Ταξίαρχοι,

308 4035 437 4098 stophanis
454 4040 629 4098 argumentum
640 4035 712 4083 Pacis
724 4036 811 4085 odiose
822 4038 907 4100 explo·
949 4037 1136 4100 Ὑβριστοδίκαι,
1148 4040 1258 4103 Χρυσοΰν
1266 4028 1346 4103 Ἰγένος.
1365 4041 1432 4092 Vide
1441 4042 1554 4092 Meinek.

308 4111 375 4160 sisse.
411 4110 516 4176 Spectat
531 4120 615 4161 autern
632 4112 762 4177 utriusque
782 4115 908 4165 cavillatio
951 4116 997 4165 Fr.
1022 4118 1089 4165 Com.
1110 4129 1120 4165 1
1140 4133 1184 4182 pp.
1208 4119 1350 4180 104—146;
1378 4119 1507 4170 Cobetum
1528 4121 1557 4170 in

307 4187 341 4234 ad
357 4203 413 4236 earn
430 4189 529 4238 fabulae
548 4196 653 4253 partem,
669 4189 713 4237 ubi
731 4191 815 4240 rustici
835 4192 908 4242 Pacis
951 4192 1051 4241 Platon.
1064 4209 1122 4243 com.
1137 4195 1221 4260 reliqq.
1234 4212 1259 4260 p,
1271 4194 1311 4258 65,
1326 4213 1350 4261 p.
1363 4197 1472 4261 83sqq‚;
1490 4198 1555 4247 Hal·

307 4263 442 4325 imaginem
469 4266 640 4329 magnitudine
668 4282 698 4315 ac
725 4266 806 4316 forma
833 4285 908 4333 supra
950 4270 1061 4319 bertsma
1071 4272 1264 4337 Prosopograph.
1278 4277 1357 4323 Arist.
1371 4290 1416 4339 pp.
1428 4273 1526 4337 46-51

306 4340 422 4391 homines
441 4344 602 4393 excellentem
629 4345 705 4406 (unde
727 4344 765 4393 illi
786 4347 908 4396 invidiose
999 4344 1145 4414 Εὐριπίδης
1167 4367 1259 4415 magna
1282 4368 1339 4416 pars
1367 4354 1555 4403 comoediarum

308 4418 459 4481 κολοσσικόν)
482 4420 560 4471 multo
578 4423 668 4472 sudore
688 4430 713 4472 et
736 4427 859 4474 aerumnis
877 4442 907 4474 ex
951 4424 1127 4490 Aristophanis
1137 4444 1195 4478 vere
1206 4429 1255 4478 dici
1266 4437 1357 4494 potest.
1393 4432 1426 4479 Et
1447 4431 1556 4495 primurn

899 4524 950 4572 (aa)

952 2414 1106 2456 mortuorum
1121 2407 1153 2455 ab
1170 2407 1253 2455 inieris
1270 2406 1387 2455 excitatio
1403 2422 1455 2455 non
1473 2409 1556 2471 potuit
1635 2462 1636 2473 ρ

952 2501 1004 2533 non
1032 2484 1210 2535 sublimitatem
1238 2486 1366 2550 quandam
1389 2485 1557 2549 Eupolidis
1635 2478 1636 2501 ³
