3262 5254
472 474 959 560 Kuipevos-—Kovloanoe'

86 639 165 708 Vesp.
180 644 226 693 821
244 658 299 709 sqq.
312 640 332 692 α’
343 641 441 694 δέσποθ’
459 642 528 707 ἥρως,
544 645 574 695 ὡς
587 645 697 706 χαλεπὸς
737 645 818 710 inquit
838 645 880 696 ‘ut
892 647 1077 711 Cleonymus
1094 640 1248 710 mattia'slt,
1267 644 1342 703 utne

87 722 124 785 ἄρ’
143 721 200 782 ἧσθ’
217 724 275 771 tutu
291 724 413 773 exclamat
432 723 578 773 Philocieon
594 722 697 788 aspedia
737 722 828 773 habeat
840 725 942 788 quidem
953 724 1100 788 madiram’)
1254 770 1259 782 ,

85 802 213 849 teterrime
225 798 295 865 pidia
306 800 393 850 tabula
408 801 470 865 Lyci
485 801 574 860 herois,
590 809 614 851 et
630 802 695 852 Bde·
785 794 936 866 Κλύμενον
966 804 1045 864 ἰατρὸς
1068 804 1154 865 άφυης,
1177 805 1204 854 δν
1228 803 1338 869 'Apsoro-

86 877 202 940 lyeleoni,
221 879 263 942 qui
282 886 386 943 propter
404 877 589 927 deformitatem
609 876 694 928 simui·
737 878 813 940 φάνης
833 881 908 939 φησὶν
927 880 1089 943 ἀναμεμῖχθαι
1110 883 1147 942 τῷ
1164 883 1282 945 Μορσὶμιρ
1300 886 1339 933 διὰ

85 957 139 1004 acri
162 957 305 1005 meminerit
327 957 404 1006 Cleo
411 960 499 1020 nyml,
522 958 621 1019 οδύσπνρ
639 958 695 1017 ἡμῖν
737 957 831 1004 rul'rdr
839 957 964 1019 Μύρσιμου
972 959 1053 1020 ἰατρὸν
1064 959 1123 1007 εἶναι
1131 960 1211 1019 dorii*
1220 958 1251 1020 ἦν
1261 961 1287 1009 δέ
1299 962 1338 1009 κα)

84 1036 199 1094 φαίνεται
210 1036 391 1097 Κλεώνυμος,
406 1038 526 1084 succurrit
539 1036 603 1084 bene
614 1037 695 1084 nomi·
736 1035 915 1096 τραγῳδοποιὸς
926 1036 1004 1095 tuate
1016 1036 1029 1084 δ
1040 1037 1172 1098 Μόρσιμος,
1187 1038 1215 1087 ir.
1231 1039 1339 1087 clxxxix

84 1111 140 1159 nari
160 1111 364 1175 Cleonymum
380 1109 530 1160 confirmans
545 1113 613 1176 quod
625 1126 695 1161 arma
740 1104 743 1109 ’
785 1107 941 1161 nmium:
958 1126 1050 1162 nornen
1059 1111 1147 1163 fidium
1156 1131 1217 1164 exv.
1227 1117 1342 1164 κλέπτειν

85 1200 137 1238 non
161 1191 254 1239 habeat
276 1206 428 1255 quamquam
451 1190 483 1239 sit
509 1190 590 1251 heros,
613 1193 695 1243 ούκουν
736 1187 769 1235 ad
789 1202 902 1237 normam
924 1190 1032 1239 nominis
1054 1192 1182 1252 Kporiiar
1203 1192 1247 1256 qui
1269 1201 1340 1243 erant

84 1269 139 1328 ἔχει
154 1266 180 1328 ’γ’
193 1266 241 1317 οὐδ’
252 1269 324 1316 αύτδς
339 1269 400 1329 ἥρως
415 1266 448 1315 dr
460 1268 534 1316 ύπλα.
570 1269 626 1317 Pac
646 1269 694 1328 446
736 1268 833 1319 incolae
843 1271 902 1334 pagi
913 1271 1019 1332 Κρωπιὰ
1029 1288 1048 1321 s.
1064 1273 1181 1335 Κρωπειά
1197 1273 1257 1334 (vid.
1272 1273 1341 1322 Thu·

84 1353 202 1409 precatur
213 1346 323 1395 bellandi
334 1345 426 1409 cupido
437 1352 464 1395 ut
475 1345 539 1394 alter
549 1344 592 1395 fiat
608 1345 694 1395 Cleo·
737 1347 791 1409 cyd.
813 1358 843 1396 11.
859 1361 895 1412 19,
916 1348 1002 1398 Leake
1012 1349 1042 1397 de
1049 1352 1109 1413 pag.
1127 1357 1170 1399 att.
1190 1366 1215 1414 p.
1238 1362 1266 1412 25
1280 1351 1338 1414 sq).

84 1438 195 1486 uymus
218 1426 244 1472 ἐν
268 1425 349 1473 ταῖσιν
373 1424 464 1484 μάχαις
487 1424 582 1486 πάσχω
602 1424 693 1473 τοιαῦθ’
736 1425 771 1471 rb
781 1424 877 1487 χεῖρ’ἐν
888 1426 1091 1476 Δύτωλοῖςδνούς
1108 1427 1162 1475 δ’ἐν
1175 1428 1340 1477 Κλωπιδῶν

84 1497 173 1563 οϊαπερ
193 1503 365 1560 Κλεώνυμος
372 1519 380 1561 ;
401 1501 436 1550 ib.
456 1500 504 1563 674
524 1518 569 1566 per
587 1502 694 1551 ironiam
736 1500 822 1563 (δήμῳ)
845 1503 892 1565 Ειη.
919 1512 949 1564 79
972 1503 1005 1552 de
1027 1503 1130 1563 Cleone,
1154 1504 1224 1568 quasi
1247 1504 1338 1555 dixeris

83 1580 177 1629 dicitur
197 1582 352 1629 εύνούστατος
371 1578 405 1642 τῇ
423 1580 521 1641 Εἰρήνη,
543 1582 624 1643 ψυχὴν
643 1582 693 1642 άρι·
735 1578 831 1642 anglice
853 1581 906 1628 ‘his
925 1580 1066 1630 hands...at
1085 1581 1206 1643 Askhom,
1227 1581 1285 1633 and
1299 1580 1340 1629 δύο

83 1675 143 1707 στος
163 1659 229 1718 πλήν
246 1656 273 1719 γ’
290 1659 330 1706 δτι
347 1655 391 1706 oisc
409 1654 440 1717 ἦν
459 1656 496 1719 ἄρ’
517 1656 593 1720 οδπέρ
616 1663 692 1719 φησιν
734 1655 1049 1720 thoughts...alSleulwell'

66 1737 146 1784 ,rivus
161 1736 205 1784 τοῦ
220 1735 320 1797 πατρός,
332 1736 353 1782 el
369 1735 418 1797 γάρ
434 1734 492 1783 ποτ’
510 1736 603 1795 ἐξέλθοι
619 1752 692 1798 στρα-
783 1731 935 1800 Κοάλαμοςε
953 1736 1041 1784 σπένδε
1062 1736 1098 1796 τῷ
1122 1735 1267 1799 Κοαλέμῳ
1287 1736 1336 1802 Eq.

82 1815 182 1874 ταύτης,
195 1813 281 1863 ευθέως
292 1814 467 1876 άτσβολιμαῖος
481 1814 530 1861 τῶν
545 1814 629 1862 ύπλων
643 1814 694 1875 dyi-
734 1824 790 1871 tat,
802 1814 927 1861 τούτεστιν
936 1813 1028 1875 ἀνοήτῳ
1040 1813 1337 1875 καέάπατητικῷδαιμδνι.

82 1909 158 1955 ymo
174 1891 232 1940 nisi
249 1890 328 1955 quod
345 1890 375 1939 in
393 1890 480 1956 bello
502 1891 693 1940 subiectitiua
734 1900 832 1938 scitor„

83 1969 319 2031 (ἀποβολιμαῖος
335 1968 511 2017 abiectitius
528 1984 582 2031 per
597 1969 692 2019 iocum
783 1964 949 2017 Κοδωκύδαιι
969 1969 1041 2029 δῆμος
1058 1970 1102 2029 τῆς
1124 1969 1231 2030 Οἰνηΐδος
1249 1971 1337 2033 φυλῆς*

60 2089 68 2097 .
82 2062 139 2112 pro
152 2045 376 2109 ὑποβολιμαῖος)
389 2046 435 2105 sit,
449 2046 580 2110 degener
594 2051 693 2110 patris
733 2044 776 2094 τὸν
791 2045 855 2094 διῖνα
871 2047 1022 2109 γιγνώσκεις,
1038 2048 1081 2097 τὸν
1097 2049 1125 2097 ἐκ
1145 2048 1338 2112 Κοθωκιδῶν;

83 2122 183 2173 lilius:
208 2116 426 2189 ib.'1295-13o4
448 2123 608 2186 Cleonymi
627 2124 692 2174 tilius
733 2122 782 2171 Th.
794 2121 844 2172 620

82 2217 147 2266 puer
164 2205 191 2250 in
207 2202 301 2266 nuptiis
317 2202 425 2265 Trygaei
443 2216 527 2250 versus
549 2202 582 2250 de
603 2201 693 2266 clypeo
782 2197 924 2265 Κοισύραι
950 2202 964 2250 δ
985 2202 1134 2264 Κοισύρας
1156 2203 1196 2255 καὶ
1217 2202 1337 2264 Λάμαχος

83 2277 187 2328 abiecto
203 2286 288 2329 cantat
305 2280 332 2327 in
350 2287 448 2343 patrem
470 2279 548 2343 ipsius
564 2295 639 2344 quem
660 2283 692 2329 sit
734 2275 805 2339 (εἶδεν
816 2280 848 2327 τὰ
859 2277 1001 2342 Ἐκβάτανα
1012 2280 1088 2339 (τούς
1100 2280 1205 2341 Xuiros)
1216 2279 1336 2341 Aenum

84 2358 226 2406 imitaturus
233 2377 241 2418 ;
252 2360 302 2406 Av.
312 2356 419 2422 τρόπιδι
431 2358 459 2405 δν
470 2357 692 2416 ούνΚλιώνυμάς
733 2355 776 2402 ubi
788 2356 942 2405 Lamachum
961 2363 986 2406 et
1004 2358 1156 2421 Coesyrae
1169 2357 1249 2406 tilium
1264 2365 1336 2407 tanto

82 2434 108 2496 η)
130 2435 164 2484 ὢν
180 2435 251 2499 (ὄρνις
273 2437 432 2497 κατωφαγᾶς)
451 2433 494 2484 οὐκ
516 2437 628 2499 ἀπέβαλε
649 2438 692 2485 τὸν
732 2446 789 2481 aere
799 2432 883 2481 alieno
899 2448 997 2496 pressos
1008 2450 1062 2482 esse
1073 2441 1100 2482 ut
1112 2435 1195 2495 ἔρανον
1204 2422 1335 2498 acceptum

82 2513 161 2575 λδφον
185 2513 343 2577 (cristam):
365 2514 392 2562 in
417 2513 518 2562 Thesm.
543 2511 591 2574 605
612 2514 691 2563 facete
732 2510 836 2559 reddere
851 2526 903 2558 non
920 2517 1023 2573 possent
1039 2511 1147 2575 ideoque
1158 2511 1246 2559 cedere
1260 2511 1336 2561 bonis

82 2590 204 2641 Comicus
227 2592 384 2655 Cleonymi
406 2607 509 2640 uxorem
531 2607 577 2655 pro
605 2591 689 2655 aliquo
732 2588 811 2637 iussos
834 2602 887 2637 esse
909 2588 970 2637 dicit
993 2587 1161 2652 Dicaeopoiis.
1204 2589 1336 2638 Sententia

59 2666 62 2671 ⁴
81 2669 138 2718 viro
149 2669 236 2719 haberi
250 2669 333 2719 finxit:
350 2669 439 2718 eadem
450 2669 482 2719 de
494 2684 580 2718 caussa
591 2668 689 2718 seminis
732 2665 855 2728 igiturest
870 2665 1042 2728 legationes
1059 2672 1118 2713 tam
1133 2672 1334 2729 quaestuosas

81 2755 262 2797 annumeratur
273 2748 343 2796 Nub.
356 2745 406 2797 680
732 2743 881 2792 allectant
903 2743 1033 2792 iuvenes·
1050 2742 1172 2791 nobiles
1191 2742 1244 2792 sed
1266 2758 1335 2793 aere

133 2826 169 2889 (3)
204 2826 379 2890 Perstringitur
397 2833 425 2874 ut
440 2841 517 2874 vorax
539 2832 565 2874 et
582 2825 687 2875 obesum
731 2820 833 2870 alieno
845 2821 950 2885 pressi.
963 2830 1132 2872 λυπηροὶ.
1154 2820 1330 2884 Megaeiem‚

82 2904 149 2953 Ach.
171 2905 211 2960 88,
235 2905 299 2965 8443
333 2904 381 2969 Eq,
407 2918 469 2966 raqo
491 2919 545 2967 sqq.
569 2903 687 2952 πολλάκις
731 2905 829 2962 patrem
842 2898 985 2958 Clisthenis,
1004 2897 1073 2961 tangi
1088 2897 1222 2946 arbitratur
1236 2913 1334 2947 enarra·

81 2979 207 3042 διεζήτηχ’
221 2980 308 3030 &riter
316 2979 686 3043 ποτέφαύλωςέσθὶειΚλεώ-
731 2983 772 3024 tor
794 2977 912 3037 Graecus,
937 2976 981 3041 qui
1002 2975 1183 3040 rempublicam
1206 2976 1334 3026 constituit

82 3074 169 3117 νυμος
178 3059 230 3119 (ie.
245 3058 345 3118 facile,
360 3058 522 3122 rutissacons,
538 3058 569 3107 cs,
583 3058 640 3106 Pac.
654 3069 684 3119 25
730 3061 788 3119 post
799 3051 893 3103 eied'tos
906 3054 1079 3103 Pisistratidas.
1115 3052 1166 3102 Sed
1177 3052 1191 3102 δ
1202 3053 1331 3115 Κοισύρας,

82 3133 110 3186 δι
121 3138 240 3197 φαύλοις
252 3137 358 3199 ἐρείδει);
375 3137 426 3185 eius
445 3136 572 3185 δακτυλίου
590 3136 688 3195 σημεῖον
731 3148 805 3197 quem
821 3132 862 3181 hic
879 3132 964 3180 irridet
979 3138 1069 3190 noster,
1088 3129 1220 3179 manifesto
1236 3132 1333 3179 iuvenis

81 3221 119 3263 est
137 3214 211 3276 λάρος
226 3215 331 3274 κεχηνώς
348 3213 397 3277 Eq.
410 3215 474 3276 958:
493 3215 545 3261 ἐστι
562 3213 611 3274 γάρ
629 3229 687 3260 κατ·
731 3219 790 3260 erat.
827 3209 1024 3258 Alcibiadem
1041 3208 1152 3272 intellegi
1163 3209 1268 3257 suadent
1278 3223 1331 3257 ma·

81 3289 676 3354 ωφαγᾶςτιςδλλοςῆΚλεώνυμος;Αυ.τ89
731 3297 829 3339 τοιαυτῃ
850 3303 963 3352 genusa
991 3288 1126 3350 Coesyra
1148 3284 1261 3345 dudtum,
1287 3286 1332 3336 sed

99 3385 103 3391 ’
133 3366 168 3431 (4)
195 3374 223 3415 ut
234 3383 311 3431 rapax
321 3374 347 3416 et
358 3367 509 3415 luxuriosus:
528 3364 687 3433 φασίναύτδν
730 3374 870 3430 repugnant
889 3381 953 3430 quae
976 3366 1008 3414 de
1027 3380 1084 3415 aere
1102 3365 1184 3414 alieno
1206 3365 1329 3414 dicuntur.

81 3447 135 3507 (τδν
148 3443 332 3506 Κλεώνυμον)
346 3445 502 3506 ἐρεπτόμενον
512 3445 545 3492 τὰ
559 3445 606 3491 τῶν
618 3444 686 3504 ἐχδν·
730 3445 847 3493 Fortasse
863 3445 939 3507 igitur
955 3444 1092 3506 generatim
1110 3458 1156 3506 pro
1175 3442 1262 3507 quovis
1278 3444 1332 3492 viro

79 3540 129 3572 των
148 3522 289 3583 (divitum)
308 3523 396 3584 ἀνέρων
412 3518 455 3570 αὐτ
471 3522 500 3568 δν
516 3520 620 3580 ἐξελθεῖν
637 3521 686 3569 άπδ
729 3522 808 3569 nobili
823 3528 848 3569 et
866 3521 969 3584 antiquo
984 3537 1075 3584 genere
1092 3528 1156 3580 orto,
1173 3527 1201 3568 ut
1217 3521 1243 3567 N
1245 3519 1287 3568 ub.
1299 3516 1332 3580 46

81 3602 126 3662 τῆς
137 3603 226 3660 σιπύης
235 3602 282 3664 Eq.
297 3614 358 3665 1295
370 3616 406 3664 sq.
730 3599 865 3657 εὐσωματεῖ
881 3599 904 3659 (δ
915 3598 1080 3657 Φειδιππίδης)
1100 3599 1140 3646 ιτα)
1151 3600 1247 3659 σφριγᾷ
1259 3594 1332 3645 κᾶστ’

130 3679 167 3741 (5)
198 3685 226 3727 ut
238 3681 364 3742 periurus:
388 3678 490 3736 καὶπῶς
503 3677 525 3740 (δ
538 3675 603 3739 Ζεύς)
617 3677 685 3737 εἴπερ
729 3678 757 3725 ἐκ
777 3674 898 3738 ’γυναικοῖν
918 3676 1040 3737 εύπτέρων
1070 3674 1103 3735 (h.
1115 3690 1136 3723 e.
1163 3674 1331 3736 ὑπερηφάνων)

79 3758 171 3821 βάλλει
186 3758 242 3806 τούς
260 3757 391 3819 ἐπιόρκους,
410 3753 465 3817 aigi
483 3752 568 3814 Σίμων’
587 3756 684 3816 ἐνέτρη·
728 3755 778 3802 τιδν
789 3754 935 3815 Κοισύρας
944 3753 1014 3801 Nub.
1026 3753 1090 3810 800;
1101 3757 1175 3799 antea
1186 3767 1208 3799 v.
1219 3749 1250 3810 46
1262 3751 1331 3798 dixe·

80 3854 124 3886 σεν
141 3833 196 3885 οὒδέ
213 3837 404 3895 Κλεώνυμον,·
426 3835 496 3884 Nub.
514 3849 564 3896 4oo
581 3833 684 3895 (imave-
728 3839 766 3881 rat
774 3831 929 3895 Strepsiades
939 3829 1183 3891 ἐγημαΜεηαιιλέυυς
1191 3828 1328 3887 ἀδελφιδῆν,

79 3922 118 3964 rat
141 3931 174 3964 sc.
195 3917 260 3963 inter
278 3914 343 3962 cives
366 3921 479 3977 receptus
498 3927 635 3976 numquam
658 3927 684 3960 se
729 3911 823 3970 σεμνὴν,
839 3910 977 3970 τρυφῶσαν,
989 3904 1329 3969 ἐγκεκοισυρωμένηνὶ.ε.

79 4010 151 4045 arma
162 3994 328 4054 foedatumm)
445 4016 449 4025 .
728 3987 849 4036 luxurie
861 3987 1020 4050 perditam,
1033 3986 1184 4048 Coesyrae
1195 3981 1329 4030 moribus

81 4106 86 4109 -
131 4070 166 4132 (6)
195 4077 223 4120 ut
234 4073 388 4135 sycophanta
402 4086 497 4135 pauper
508 4075 533 4118 et
548 4068 682 4132 parasitus:
728 4065 874 4114 imbutam

78 4149 128 4200 ούδ’
140 4147 170 4210 ἦν
184 4150 301 4211 κάρδοπος
318 4150 489 4210 Κλεωνύμῳ,
504 4147 559 4196 ἀλλ’
577 4149 603 4195 ἐν
617 4148 685 4207 ’θυεύρ
777 4139 917 4196 Roboris:
943 4143 1015 4203 δῆμος
1038 4141 1081 4200 τῆς
1103 4136 1217 4200 Αἰγηΐδος
1239 4137 1330 4198 φυλῆς*

78 4226 452 4291 στρογγύλη’νεμάττετοΝυ)),
476 4225 522 4286 675
543 4225 596 4286 (ubi
616 4224 684 4287 quod
729 4222 819 4270 Μέτων
835 4223 862 4270 δν
882 4222 943 4269 οἶδεν
959 4220 1051 4267 ‘Exite
1071 4218 1110 4279 χώ
1127 4214 1262 4264 Κολωνάς
1278 4216 1329 4264 Ar.

78 4308 112 4357 de
121 4307 202 4356 forma
210 4307 278 4356 vocis
288 4306 412 4369 intellegit
420 4306 541 4364 Socrates,
549 4305 581 4352 de
593 4306 685 4366 reipsa
729 4301 783 4364 998.
819 4298 884 4346 Vide
896 4314 916 4345 s.
926 4313 951 4345 n.
964 4294 1058 4345 Μέτων

78 4386 176 4450 accepit
188 4384 343 4448 Strepsiades
355 4384 474 4448 quasiille
487 4382 684 4444 Cleonymum
776 4373 954 4443 Κομπασςύςι
971 4390 994 4424 v.
1005 4390 1024 4423 s.
1034 4390 1058 4423 n.
1074 4369 1232 4438 Προξενίδης

78 4471 191 4515 vocasset
205 4460 336 4513 metram
369 4463 459 4526 Itaque
475 4463 584 4511 ‘tantum
599 4454 684 4508 abest’
739 4460 747 4475 ⁴
776 4451 950 4509 Κονίσαλοοι
974 4451 1083 4502 daemon
1101 4450 1290 4517 Priapeiusaoi
1309 4448 1331 4499 δ’

675 4554 728 4608 (865)
