3262 5254
526 492 530 499 ·
543 454 966 538 Μενελαος--εΜῆδοςζ

122 626 169 676 bus
191 627 329 691 tragoediis
355 625 482 684 Μίμνων
500 630 528 674 ἐί
549 624 728 686 Ψιχοστασίαε

117 705 400 767 -ιωδωνοφαλαρίπωλος
427 704 448 753 is
479 708 516 753 est
543 703 593 766 qui
621 717 728 766 equum

122 781 246 842 lrabeat,
267 783 354 832 cuius
373 781 522 830 frontalia
541 780 605 831 sive
624 781 727 844 potius

122 859 271 924 phalerae
287 858 514 908 tintinnabulis
532 865 639 906 ornata
656 858 724 907 sint.

118 937 194 1001 Apte
206 937 338 1000 Berglerus
349 937 445 986 confert
457 936 570 1000 Euripid.
583 936 691 984 Rhesum
703 948 726 982 v.

125 1012 175 1077 306
192 1015 224 1063 de
237 1015 315 1065 Rhesi
326 1014 404 1078 equis.
448 1014 567 1063 Ceterum
578 1010 645 1062 reete
657 1011 727 1060 sorsi-

53 1093 57 1103 '
124 1099 169 1141 tan
192 1092 279 1141 statuit
297 1092 460 1141 Hermannus
479 1098 557 1154 opusc.
581 1102 622 1138 vl1
640 1106 665 1154 p.
681 1102 728 1152 350

124 1169 319 1218 Memnonem
336 1170 610 1230 κωδωνοφαλαρύπωλαν
631 1182 682 1216 non
702 1170 728 1215 in

122 1258 200 1297 scena
212 1243 375 1310 conspedium
389 1262 450 1306 esse,
465 1237 510 1295 sed
526 1245 608 1294 verbis
621 1244 729 1309 descrip-

123 1331 180 1373 tum
191 1324 266 1373 fuisse
273 1324 325 1372 eius
336 1330 451 1372 ornatum

175 1399 326 1455 Μκνίλααςι
344 1402 520 1465 Agamemnon
532 1407 557 1449 et
566 1400 728 1451 Menelaus

123 1483 210 1530 avium
230 1480 315 1528 lavore
332 1495 403 1542 reges
423 1486 499 1539 erant,
522 1479 570 1528 Av.
587 1491 634 1543 509
653 1480 677 1527 εί
693 1495 729 1529 τις

124 1561 166 1608 καί
174 1559 300 1619 βασιλεύοι
310 1557 348 1620 (rs
348 1558 413 1605 there
422 1573 495 1605 were
504 1573 556 1620 any
561 1557 631 1620 king)
641 1558 666 1605 ἐν
676 1558 729 1606 ταῖς

125 1637 229 1687 πόλεσιν
239 1637 287 1683 τῶν
301 1636 427 1695 Ἑλλήνων
440 1633 624 1696 Ἀγαμέμνωνή
638 1635 729 1684 Μενέ-

124 1716 211 1764 λαοςε
236 1715 350 1763 Helenae
361 1714 473 1771 maritus,
484 1714 585 1764 Thesm.
599 1711 647 1774 867

820 619 941 685 Μήδειοι
957 622 1086 686 tragoedia
1092 622 1214 684 Morslmi,
1226 624 1282 674 Pac.
1300 638 1371 677 rotr.

771 698 838 748 Vide
847 715 895 749 sn.
909 697 1057 754 Μελάνθιος

820 774 956 842 Μηδικύςε
975 779 1060 837 ήσθιον
1070 779 1096 827 δὲ
1113 779 1144 842 (ol
1155 777 1235 842 ίπποι)
1250 779 1305 828 τούς
1324 795 1371 828 πα-

771 855 871 914 γούρους
878 855 932 903 ύιντί
940 855 1085 915 ποίαςΜηδ
1093 857 1159 915 ικῆς
1170 855 1280 921 qu606
1292 855 1371 919 (Stra.-

771 932 806 981 bo
815 945 846 981 xi
858 945 905 994 515
915 950 920 982 :
938 936 983 993 τήν
990 935 1096 997 βοτάνην
1102 935 1147 993 τήν
1154 935 1263 993 μάλιστα
1271 936 1372 995 τρέφου-

772 1028 819 1060 σαν
829 1013 883 1061 τοὺς
895 1012 983 1062 ίππους
994 1013 1044 1060 art
1058 1013 1101 1061 τοῦ
1115 1013 1254 1070 πλεονάζειν
1270 1013 1373 1063 ἐνταῦθα

773 1089 849 1154 (apud
865 1090 982 1151 Medos)
1001 1091 1065 1139 ίδίως
1083 1092 1210 1150 μήδικήν
1229 1091 1374 1152 καλούμενλς

772 1168 814 1215 τὸν
831 1168 913 1230 ἔρανον
931 1169 973 1217 τὸν
990 1169 1121 1230 λεγόμενον
1142 1169 1264 1229 παππήίον
1284 1171 1310 1219 ἐκ
1325 1171 1374 1218 τῶν

773 1244 1371 1311 ΜηδικῶνήοοίΙςίααιεκΜειίοςιιιαςροίὶἰς,

771 1321 814 1371 alii
834 1329 902 1385 post
922 1322 1034 1371 bellum
1053 1339 1116 1372 curn
1137 1324 1233 1374 Persis
1251 1324 1372 1385 initum)

773 1399 815 1447 εἴτ’
827 1401 993 1450 διαλύσαντες
1009 1403 1052 1448 ούκ
1067 1401 1228 1462 ἀντεσφέρετε
1242 1403 1286 1451 τὰς
1300 1403 1372 1461 ἐσφο-

771 1478 815 1540 ράς
827 1477 884 1541 Lys.
900 1475 929 1538 65
933 1491 947 1538 3
959 1477 1002 1526 ubi
1014 1477 1144 1541 Berglerus
1160 1478 1236 1527 ‘illud
1252 1479 1373 1529 tributum

772 1563 809 1604 est
831 1555 900 1620 quod
919 1555 1050 1605 ordinante
1080 1555 1189 1605 Aristide
1215 1557 1373 1606 contulerunt

772 1646 829 1683 cum
838 1633 926 1682 Persae
934 1633 1079 1682 invasissent
1091 1632 1250 1693 Graeciam);
1263 1650 1372 1695 παραπε·

716 1772 718 1775 ¹
772 1712 882 1769 πείσμασι
908 1712 958 1760 τοῖς
985 1711 1103 1770 Μηδικοῖς
1146 1711 1211 1760 Ran.
1242 1712 1290 1774 938
1319 1711 1373 1773 <ubi

773 1789 908 1839 Thiersch:
939 1789 1040 1839 ‘aulaea
1061 1789 1113 1838 sive
1134 1789 1230 1853 tapetia
1251 1790 1374 1840 Medica

772 1869 845 1917 variis
857 1868 936 1932 iisque
947 1867 1093 1916 monstrosis
1105 1866 1189 1930 figuris
1200 1875 1269 1917 erant
1282 1868 1371 1918 obsita.

774 1946 857 2009 Quare
877 1945 903 1993 id
920 1961 998 2009 genus
1012 1952 1108 2009 tapetes
1125 1946 1238 1995 universe
1255 1946 1374 1996 Persici

126 2037 159 2087 49
172 2023 263 2086 petitus
271 2030 322 2083 est3
335 2023 567 2085 δγῶνΜενέλαος
578 2025 621 2073 τὰς
629 2024 730 2072 Ἑλένας
773 2032 900 2083 vocantur,
914 2023 1038 2073 Athenae.
1052 2035 1071 2070 v
1081 2040 1106 2087 p.
1122 2035 1166 2087 197
1178 2025 1250 2086 φιλαί
1261 2026 1373 2085 περσικαί

126 2103 159 2150 τὰ
170 2104 240 2160 μᾶλα
257 2102 412 2167 (papillas)
428 2103 519 2164 γυμνᾶς
534 2102 665 2162 παρενίδων
682 2101 729 2160 ert·
772 2104 818 2162 τήν
830 2104 875 2150 dud
885 2103 960 2162 μέσον
971 2104 1018 2150 τῶν
1036 2103 1115 2152 ποδῶν
1129 2105 1211 2163 χώραν
1228 2103 1372 2161 ἐκάλυπτον,

126 2178 186 2242 βαλ’
203 2181 245 2228 οίῶ
265 2182 293 2228 τὸ
311 2181 379 2240 ξίφος
397 2180 455 2244 Lys.
478 2190 522 2241 155
542 2178 595 2238 (ubi
616 2178 693 2228 schol.
714 2178 730 2237 ὴ
774 2182 861 2243 ἀκριβῆ
882 2182 928 2240 τὴν
955 2182 1104 2242 εύγραμμίαν
1130 2182 1178 2229 τῶν
1205 2181 1375 2242 ἐνυφασμένων

127 2259 224 2319 ίστορία
232 2257 287 2321 παρ’
306 2257 418 2320 Ἰβύκῳ);
435 2258 462 2306 in
480 2258 731 2320 Thesnwplwriazuris
773 2261 874 2319 ἔχουσαι
887 2258 981 2319 ζῳδίων,
997 2258 1100 2307 Martial
1114 2270 1168 2306 vm
1187 2259 1262 2318 1817
1280 2259 1374 2323 Baby.-

127 2335 240 2385 Menelai
252 2336 278 2384 in
289 2339 410 2384 erratione
418 2337 562 2399 Aegyptum
570 2335 727 2398 appellentis,
771 2336 861 2385 lonos
883 2334 952 2399 pidia
979 2338 1100 2400 superbae
1122 2344 1198 2395 texta,
1225 2338 1374 2387 semiramia

131 2413 259 2462 Helenam
270 2414 418 2463 invenientis
433 2421 457 2462 et
469 2414 595 2477 abrepturi
607 2420 689 2476 partes
700 2427 731 2461 ex
773 2430 837 2478 quae
857 2415 983 2462 variantur
1001 2430 1061 2472 aeu;
1080 2414 1159 2463 Plaut.
1182 2416 1297 2464 Psmdul.
1320 2427 1330 2463 1
1350 2431 1374 2477 ς,

127 2494 226 2543 Helena
237 2492 322 2542 fabula
335 2509 380 2543 sua
391 2508 518 2556 expressas
532 2495 583 2556 agit
599 2492 731 2555 Euripides
776 2507 806 2553 14
817 2492 916 2541 beluata
929 2490 1085 2554 conchyliata
1096 2491 1211 2554 tapetia')

127 2571 259 2634 871-924
667 2620 669 2623 .
821 2567 926 2632 Μῆδοςτ
946 2569 996 2626 ἐμοί
1008 2570 1218 2629 ἐπεστρατεύσατο
1230 2568 1328 2629 Μῆδός
1338 2586 1375 2620 τις

128 2688 132 2695 .
178 2640 341 2700 ΜένιτῐίσαςιΙ
367 2646 512 2707 Μενίππῳ
534 2643 556 2694 δ’
578 2643 609 2706 ήν
630 2647 732 2707 χελιδὼν
774 2647 860 2697 ἐπίτδ
876 2647 991 2707 βλέφαρα
1006 2648 1141 2705 νυστακτὴς
1157 2645 1229 2696 ύπνος
1246 2646 1323 2712 Vesp.
1344 2662 1373 2696 11

127 2726 234 2784 τούνομα
245 2725 294 2773 Av.
310 2739 379 2789 1²93·
394 2725 456 2786 Quis
472 2724 545 2774 fuerit
556 2724 641 2774 curita
649 2720 732 2772 dietus
774 2728 873 2788 (nempe
884 2725 943 2788 quia
954 2724 1016 2773 alter
1028 2724 1126 2773 Sabazii
1135 2724 1234 2774 barbari
1250 2725 1292 2774 dei
1302 2740 1372 2774 men·

128 2809 285 2866 compertum
296 2818 347 2851 non
358 2803 478 2851 habemus
773 2803 868 2852 tionem
891 2803 995 2852 fecerat:
1018 2805 1066 2852 iste
1088 2803 1163 2852 etiam
1186 2803 1305 2852 Medum
1323 2805 1375 2855 sive

179 2878 330 2944 Μεσσήνης
355 2881 415 2938 ήδὲ
436 2879 581 2940 Μεσσήνη
601 2878 659 2928 τδτε
681 2879 734 2938 ύμῖν
773 2880 907 2929 barbarum
930 2895 956 2928 se
975 2880 1092 2929 invasisse
1108 2880 1175 2929 dicte
1204 2892 1375 2942 BERGLERVS,

186 1799 244 1853 κᾶγιύ
258 1802 298 1853 μίν
312 1801 378 1843 ἔνθαδ’
392 1800 441 1852 εἶμ’·
452 1801 465 1843 δ
478 1802 495 1843 δ’
508 1801 580 1847 ἅθλιος
595 1802 658 1847 πόσις

123 1908 129 1915 .
187 1866 252 1916 ούμδς
268 1868 400 1911 Μενέλεως
414 1866 493 1909 οὔδίπω
507 1869 652 1920 προσίρχςται,

126 1960 234 2009 quorum
255 1945 322 2008 prior
340 1962 425 1995 versus
443 1962 474 1994 ex
495 1946 582 2010 Eurip.
594 1946 682 1995 Helen.
702 1961 725 1994 v.

128 2958 239 3007 ἐπέκειτο
256 2960 294 3018 χώ
313 2959 365 3007 θεὸς
382 2959 453 3006 σείων
470 2958 521 3016 ἅμα
535 2958 593 3021 Lys.
617 2971 675 3019 1141
689 2956 733 3005 ubi
774 2958 817 3023 qui
833 2958 898 3007 bene
913 2959 1008 3007 coniert
1025 2959 1083 3007 Eur.
1100 2957 1170 3007 Med.
1190 2959 1278 3020 1185);
1301 2958 1376 3017 ὄνομα

128 3035 218 3086 Schol.
232 3036 388 3085 δΠοσειδῶν·
407 3037 500 3094 σεισμοί
518 3037 662 3097 γὰρσυχνοί
679 3035 732 3096 tet·
773 3034 909 3096 τούτῳ(τῷ
927 3036 1087 3094 μουσομαντει
1102 3035 1186 3098 δρνιθι)
1203 3036 1301 3096 Μῆδύς
1314 3038 1374 3085 ἐστι.

129 3131 200 3164 νοντα
210 3115 392 3172 ύτεύπύλεμος
403 3115 558 3172 συνειστήκει.
595 3113 665 3162 Nota
676 3118 732 3162 sunt
773 3113 949 3173 ΠΜΜῆδοςς
968 3113 1021 3161 εἶτα
1032 3114 1082 3163 πῶς
1091 3114 1146 3161 ἄνευ
1157 3115 1264 3173 καμήλου
1276 3113 1376 3173 Μῆδος

130 3195 217 3241 omnia
230 3192 263 3241 de
282 3192 405 3241 Helotum
422 3199 508 3240 contra
520 3192 741 3241 Lacedaemonios.
775 3189 807 3239 ιύν
816 3191 950 3240 είσέπτατο
961 3191 1011 3238 Αν.
1022 3188 1069 3252 176
1083 3190 1124 3251 (de
1132 3190 1215 3254 gallo:
1234 3190 1299 3240 conf.
1312 3191 1373 3240 Cra.

129 3270 275 3331 rebellione,
295 3270 338 3335 qui
361 3286 418 3318 cum
435 3269 478 3318 diu
495 3269 584 3318 frustra
605 3270 729 3329 Rhomen,
773 3269 840 3318 tinus
852 3270 913 3319 Hor.
936 3267 964 3317 fr.
980 3283 1007 3319 1:
1024 3268 1107 3331 ύσπερ
1124 3269 1137 3318 δ
1155 3269 1295 3332 Περσικὸς
1313 3267 1377 3330 οίραν

130 3364 181 3413 quo
193 3364 220 3397 se
231 3355 375 3411 receperant
388 3347 502 3406 Helotes‚
511 3349 729 3412 oppugnavissent‚
774 3347 857 3395 πᾶσαν
868 3349 979 3407 καναχῶν
990 3347 1109 3406 ύλδφωνος
1126 3349 1243 3408 ἀλέκτωρ.
1279 3348 1319 3396 De
1336 3363 1376 3397 ca·

130 3427 163 3475 ab
181 3425 376 3474 Atheniensibus
393 3425 513 3473 auxilium
530 3426 661 3488 petierunt,
674 3428 733 3473 mis·
774 3425 896 3473 melorum
914 3441 961 3473 usu
977 3425 1042 3473 oonf.
1068 3426 1166 3474 Herod.
1188 3437 1198 3473 1
1216 3425 1255 3474 80.
1273 3436 1315 3472 vii
1335 3423 1375 3484 86,

130 3520 222 3568 susque
240 3504 332 3552 Cimon
350 3510 387 3552 est
407 3494 523 3567 Spartam
538 3519 594 3552 cum
617 3510 734 3566 quattuor
777 3514 837 3562 1253
856 3501 918 3550 Plin.
939 3503 1020 3551 NH.
1033 3514 1089 3550 vm
1109 3502 1163 3563 18);
1183 3503 1377 3553 sollitudine

130 3581 233 3631 milibus
253 3589 419 3631 armatorum:
447 3581 505 3630 vide
527 3580 641 3643 Thucyd.
666 3592 685 3629 Ι.
708 3594 729 3629 c.
776 3581 882 3634 Μήδων
909 3580 1003 3627 ἑλόντες
1031 3581 1169 3628 αίτιιύτατοι
1192 3583 1308 3642 φέρεσθαι
1336 3582 1377 3630 τὸν

132 3674 177 3711 101
775 3658 849 3718 φόρον
867 3654 928 3718 δεῦρ’
951 3656 1023 3714 ἐσμέν
1048 3655 1080 3717 (ol
1099 3658 1199 3715 σφῆκες)
1213 3658 1290 3721 Vesp.
1314 3659 1377 3721 1098

131 3780 133 3783 .
180 3734 289 3787 Μίτανς
317 3737 421 3786 Μίκων
447 3736 475 3785 δν
498 3737 560 3784 οἶδεν
581 3735 674 3784 Ἑλλὰς
695 3733 734 3795 χιύ
775 3733 856 3798 (quasi
874 3733 964 3783 inerint
982 3746 1069 3780 omnes
1088 3733 1115 3779 in
1135 3733 1262 3781 Persarum
1282 3734 1377 3783 ditione

131 3816 246 3874 Κολωνός
268 3814 317 3862 Av.
338 3815 394 3877 998.
432 3814 473 3862 De
495 3814 619 3863 Metone
639 3809 734 3863 ,celebri
775 3809 818 3873 qui
829 3806 1093 3856 nuncAtheniensium
1105 3806 1217 3854 dediticii
1228 3808 1375 3856 suntetsti·

130 3889 275 3941 astronomo
292 3898 317 3941 et
333 3899 460 3954 geometra
475 3899 501 3940 et
520 3892 571 3941 eius
589 3891 615 3938 in
635 3889 734 3938 Colono
775 3886 924 3951 pendiarii);
942 3884 1029 3932 αύτίκα
1045 3882 1109 3942 μαλ’
1129 3885 1256 3946 ἐςβουλὴν
1273 3883 1313 3932 triv
1331 3886 1377 3946 ίρίό

133 3970 252 4034 Agoraeo
269 3970 384 4022 donario,
398 3969 521 4031 (ἀνάθημα
549 3966 732 4030 ιἀστρολογικήν)
776 3962 846 4012 πάνθ’
878 3963 895 4011 d
920 3962 1031 4021 Μήδοις
1059 3964 1099 4011 καί
1126 3963 1227 4025 βασιλεῖ
1251 3962 1378 4021 ξννδμνντε

132 4049 190 4097 vide
207 4050 311 4096 omnino
329 4044 485 4095 MARTtu'vn
505 4058 600 4095 mun
615 4046 733 4108 Topogro-
762 4040 894 4111 'lminatur
905 4039 968 4088 Cleo
981 4039 1029 4106 Eq.
1042 4040 1098 4101 478,
1113 4054 1178 4103 quae
1193 4039 1377 4102 sonassespec‘.

126 4125 224 4189 phyof
233 4125 327 4174 Athens
346 4140 371 4188 p.
385 4136 439 4185 219.
477 4124 508 4172 In
524 4123 620 4173 Avibus
634 4122 735 4170 advenit
776 4126 830 4167 tant
842 4118 875 4167 ad
886 4132 916 4165 ea
927 4132 992 4180 quae
1008 4123 1092 4168 narrat
1106 4115 1265 4179 Thucydides
1275 4127 1305 4163 1v
1316 4116 1377 4179 5o)3

132 4202 329 4252 Nubicuculiam
345 4205 428 4250 adrem
444 4201 599 4250 dimensums
610 4206 635 4249 et
650 4199 736 4262 iugera
777 4198 806 4247 σὲ
824 4197 874 4259 (τὸν
892 4196 974 4255 δῆμον)
995 4196 1020 4243 ds
1037 4195 1165 4253 Μήδοισι
1183 4195 1305 4254 διεξιφίσω
1322 4196 1377 4257 περὶ

132 4282 300 4344 dirempturus
307 4296 315 4339 ;
342 4287 400 4342 post
425 4279 555 4327 ridiculam
584 4277 736 4325 demonstra·
777 4276 821 4334 τῆς
842 4275 924 4336 χώρας
943 4273 1075 4334 Μαραθῶνι
1095 4272 1142 4340 Eq.
1163 4273 1224 4332 7813
1249 4273 1377 4336 γράφομαι

132 4358 228 4408 tionem
240 4360 299 4406 artis
309 4371 370 4405 suae
382 4372 439 4404 curn
450 4356 594 4405 verberibus
602 4354 736 4417 abigiture
779 4352 924 4410 Μήδοισιν
947 4349 1019 4396 αὐτὸν
1041 4349 1176 4410 προδιδόναι
1199 4350 1243 4409 τήν
1266 4350 1378 4400 Ἑλλάδα

779 4431 836 4479 Pac.
854 4429 898 4479 108
911 4426 1069 4492 (Medicum
1075 4426 1127 4477 sint
1136 4427 1289 4478 Graecorum
1295 4428 1379 4479 hostes

728 4529 782 4585 (⁸91)

133 4436 284 4495 Pithetaero‚
300 4448 448 4509 992-1020
553 4499 555 4503 .
