3262 5254
518 440 989 533 Mihrrridqs—-Mdcxocj

124 618 178 667 τινα
191 609 300 670 πόλεμον
310 612 416 672 ήθελησε
427 612 513 674 λαβεῖν
519 611 575 661 τούς
582 611 724 671 Μιλησίους,
820 607 977 676 Μόρσιμοςς
995 617 1121 675 poetaster
1137 612 1244 677 tragicus
1255 613 1371 679 subfrigi-

125 689 243 750 πρότερον
254 691 427 752 ἰσχυροτάτους
439 691 516 748 όντας,
532 691 564 739 είς
577 691 725 752 συμμαχίαν,Ι
770 687 824 747 dus,
840 688 964 746 Philoclis,
978 689 1095 753 Aeschyli
1113 706 1144 739 ex
1161 707 1244 740 sorore
1260 692 1367 756 nepotis,

125 768 165 813 καί
185 767 216 815 είς
232 768 260 814 τό
277 768 389 825 μαντεῖον
406 768 516 827 ἀπῆλθεν
531 768 657 826 ἐρωτήσων
673 767 728 829 τερῖ
770 762 842 824 filius,
857 767 883 813 in
895 781 969 830 quem
981 774 1005 815 et
1017 767 1185 817 Melanthium
1200 769 1252 818 eius
1269 770 1369 819 fratrem

125 845 223 891 τούτου
241 845 293 892 όθὲ
305 845 356 893 θεός
367 847 471 905 ἔχρησεν
491 845 584 893 ’πάλαι
595 843 650 891 ποτ’
664 840 728 903 ἦσαν
770 843 888 892 acerrime
905 843 1029 893 invehitur
1047 847 1072 893 in
1092 845 1141 894 fine
1164 847 1289 910 parabasis
1308 848 1384 911 Pacu

126 920 241 980 ἄλκιμοι)
276 923 390 971 Occurrit
408 938 508 987 quoque
519 938 560 985 ap.
576 921 664 985 Synes.
677 923 726 983 Ep.
771 919 816 967 801
830 935 909 984 seqq,
927 921 969 968 ubi
988 921 1151 971 Morsimus
1168 924 1286 987 quando
1303 924 1369 973 cho·

126 1000 159 1047 80
177 1006 202 1048 et
221 999 405 1049 Philostratde
420 1000 523 1062 Sophist.
545 1016 567 1063 p.
583 1012 637 1061 527.
674 1000 726 1047 Ob·
770 1012 832 1044 rum
849 998 1016 1047 nonhabet
1034 999 1109 1048 felix
1127 1008 1249 1064 tempus.
1287 1002 1371 1063 Quam

124 1092 196 1125 scure
207 1077 360 1140 significatur
371 1077 447 1140 Vesp.
463 1075 525 1125 1060
541 1074 560 1126 ὦ
577 1079 655 1125 πάλαι
672 1074 726 1126 ποτ’
771 1074 851 1123 malus
862 1076 934 1125 suerit
946 1085 1029 1140 poeta,
1044 1078 1123 1127 facete
1134 1080 1224 1137 innuit,
1236 1096 1312 1144 quum
1324 1096 1370 1144 pro

126 1156 193 1202 όντες
204 1154 272 1213 ἡμεῖς
284 1155 381 1211 άλκιμοι
395 1155 439 1212 μίν
451 1156 474 1202 ἐν
490 1157 577 1216 χοροῖς.
616 1155 655 1203 Ι)ε
667 1158 727 1218 pris·
771 1155 880 1201 dirarum
892 1155 998 1204 formula
1015 1165 1117 1220 usurpet
1134 1159 1289 1207 διδάσκεσθαι
1306 1160 1372 1220 ςίόειν

125 1233 179 1286 tina
191 1233 308 1281 felicitate
327 1232 518 1282 Milesiorum
538 1233 698 1281 Herodotum
710 1244 728 1279 v
772 1233 923 1295 Μορσίμου
935 1236 1071 1296 τραγῳδίαν
1083 1235 1129 1299 Eq.
1144 1250 1206 1295 4013
1219 1237 1313 1297 itidem,
1324 1237 1369 1286 ubi

126 1326 146 1360 c.
162 1310 194 1357 28
207 1310 303 1358 confert
315 1310 461 1374 Bergkius);
481 1312 505 1369 tr
517 1310 544 1358 οῖ
557 1311 618 1369 ήμαῖς
630 1312 728 1369 προύθο·
771 1310 797 1357 in
808 1317 956 1357 stercoream
973 1311 1091 1374 paludem
1109 1313 1236 1362 demersos
1253 1315 1287 1363 ait
1304 1316 1371 1364 Her·

126 1405 174 1440 σου
186 1390 330 1447 Μιλήσιοι
343 1389 402 1451 Lys.
418 1390 462 1437 108
477 1388 517 1449 (de
537 1388 728 1437 Milesiorum
771 1386 845 1445 cules,
861 1386 924 1434 Ran.
942 1398 995 1447 151,
1009 1389 1051 1452 qui
1073 1390 1213 1439 Morsimi
1231 1393 1369 1440 orationem

126 1465 268 1515 desedtione
289 1466 320 1514 cs.
339 1466 452 1528 Thucyd.
476 1477 529 1513 vni
553 1468 606 1527 17);
631 1468 729 1527 γνώμην
771 1463 881 1527 aliquam
903 1465 1083 1528 descripserint,
1109 1469 1130 1513 εί
1157 1467 1312 1528 Μορσίμου
1334 1486 1370 1519 τις

127 1545 189 1604 ἐρεῖν
204 1546 326 1602 μέλλοντα
342 1546 395 1606 περί
412 1544 567 1602 Μιλησίων
587 1546 626 1592 καί
645 1545 728 1606 αερδα·
769 1540 838 1602 ρἣιν
849 1541 1008 1603 ἐξεγράψατο.
1028 1543 1143 1590 Eundem
1155 1544 1277 1593 medicam
1289 1553 1369 1595 artem

126 1623 175 1671 νεῖν
192 1622 312 1668 τάλαντον
329 1621 358 1679 ήν
378 1621 525 1681 κατεργάσῃ,
548 1621 595 1684 Eq.
616 1634 662 1684 93¹
686 1620 729 1682 <de
771 1616 897 1669 faelitasse
914 1619 989 1668 tradit
1011 1621 1162 1670 scholiastes.
1198 1624 1241 1671 Ad
1258 1625 1371 1673 Medeam

127 1697 251 1756 Cleone);
288 1695 346 1747 ἀλλ’,
371 1699 398 1744 ού
424 1698 550 1759 λάβρακας
577 1698 728 1758 καταφαγὼν
771 1698 823 1745 eius
835 1698 987 1769 tragoediam
999 1698 1127 1762 respicitur
1139 1700 1195 1748 Pac.
1213 1714 1272 1749 1012

128 1776 294 1834 Μιλησίους
312 1776 436 1834 κλονήσεις
456 1775 503 1837 Eq.
525 1773 570 1836 361
590 1775 651 1835 (sed
668 1790 727 1822 non
820 1771 960 1838 Μόρυχοςι
978 1775 1107 1823 hominum
1119 1777 1262 1840 gulosorum
1273 1778 1371 1828 notissi-

126 1852 269 1902 turbabis
292 1851 429 1900 Milesios
452 1852 606 1900 devoratis
629 1851 727 1915 lupis;
771 1866 833 1908 muS,
848 1851 891 1914 qui
908 1851 941 1898 ob
961 1844 1038 1900 vitam
1057 1853 1163 1902 otiosam
1183 1855 1327 1918 opulentam
1345 1861 1370 1905 et

128 1936 172 1981 {tu
196 1928 310 1995 quidem’
338 1930 419 1993 inquit
447 1929 510 1978 Cleo
535 1930 567 1983 ad
591 1930 728 1980 Isiciarium
771 1931 921 1979 luxuriosam
933 1948 1007 1996 saepe
1019 1934 1141 1997 carpitur:
1153 1936 1194 1994 ζῆν
1202 1937 1254 1997 βίον
1262 1938 1374 2000 γενναῖον,

130 2009 237 2058 §talibus
250 2008 311 2056 cibis
328 2007 452 2056 devoratis
469 2008 531 2056 dicis
543 2014 567 2055 te
584 2007 632 2056 hoc
643 2016 668 2056 et
680 2009 728 2058 hoc
772 2007 857 2071 ὥσπερ
875 2010 1011 2070 Μόρυχος
1027 2011 1102 2075 Vesp.
1123 2010 1183 2073 506;
1200 2013 1273 2072 ήλθες
1289 2015 1372 2075 (ἐγχό

125 2084 267 2145 facturum
284 2085 327 2133 sed
339 2084 404 2148 lupis
419 2085 528 2148 piscibus
541 2085 664 2134 devoratis
676 2102 727 2135 non
770 2087 812 2134 λυς
843 2088 1038 2149 κωπαῒς)...φίλη
1065 2090 1192 2151 Μορύχῳ
1215 2091 1279 2141 Ach.
1306 2089 1372 2153 8863

126 2164 221 2228 poteris
241 2163 340 2211 turbare
363 2162 517 2221 Milesios;
539 2178 586 2225 ego
604 2178 663 2211 vero
682 2181 727 2228 po·
770 2164 929 2224 τυρβάζεσθαι
942 2166 1075 2227 Μορύχῳ,
1088 2168 1172 2228 Τελέᾳ,
1184 2170 1267 2217 άλλοις
1277 2170 1372 2218 τένθαις

126 2249 181 2291 tero
190 2240 202 2289 ι’
216 2248 243 2289 ut
254 2257 276 2288 v.
290 2240 350 2300 1187
363 2255 418 2288 cum
431 2239 550 2287 isiciarius
562 2241 593 2289 ad
605 2242 727 2305 populum
771 2244 871 2291 πολλοῖς
882 2243 939 2292 Pac.
954 2245 1030 2304 1008;
1048 2246 1114 2293 δοκεῖ
1122 2248 1154 2308 γέ
1163 2263 1204 2305 μοι
1216 2246 1242 2307 (ἡ
1253 2247 1368 2308 καυνάκη)

127 2319 231 2377 dixisset
242 2316 298 2379 παρ’
310 2319 368 2374 ἐμοῦ
383 2317 403 2364 δ’
415 2319 470 2365 όλον
484 2335 514 2379 γε
529 2318 571 2365 τόν
588 2321 728 2367 πλακοῦντα
771 2319 871 2367 ἐοικέναι
882 2321 991 2379 μάλιστα
1008 2323 1146 2385 Μορύχου
1163 2324 1272 2385 σάγματι
1289 2324 1367 2388 Vesp.

126 2397 222 2445 τουτονί
249 2394 339 2457 (λαβέ),
363 2393 426 2442 Cleo
448 2394 480 2442 ad
508 2394 642 2443 isiciarium
667 2396 728 2445 dicit
772 2409 833 2457 1143
856 2412 889 2444 sc.
913 2412 1000 2460 sagum
1021 2398 1137 2447 villosum
1160 2401 1228 2463 quod
1256 2402 1371 2464 gestabat

126 2470 184 2521 ἀλλ’
201 2474 229 2520 ού
246 2470 323 2533 λαγῶ’
340 2472 398 2529 ἔξεις
416 2472 504 2518 ὁπόθεν
522 2472 648 2531 coeunte
669 2473 724 2534 ἐγώ.
770 2472 896 2520 hominem
914 2474 1018 2522 mollem
1042 2483 1066 2524 et
1088 2477 1210 2539 pallidum
1233 2478 1370 2527 secundum

127 2551 246 2606 Ceterum
263 2552 289 2596 in
307 2549 355 2597 hoc
372 2548 562 2612 locoluporum
581 2550 686 2613 piscium
703 2557 729 2599 et
770 2550 918 2599 scholiasten
941 2551 1015 2600 fuisse
1038 2553 1154 2601 ostendit.
1189 2554 1306 2618 Namque
1326 2556 1370 2603 σά-

127 2627 317 2676 Milesiorum
329 2626 402 2675 simul
414 2626 472 2675 facit
484 2627 652 2686 mentionem;
669 2630 729 2691 quia
769 2644 846 2688 γματι
857 2630 873 2676 i.
882 2644 902 2677 e.
917 2630 1041 2690 μαλλωτῷ
1053 2629 1125 2690 σαγηῖ
1141 2631 1230 2692 ἐχρῆτο
1241 2632 1271 2680 ὡς
1283 2638 1371 2694 τρυφε·

126 2709 192 2758 circa
212 2707 353 2755 Miletum
376 2714 445 2756 erant
468 2709 560 2769 egregii
582 2707 642 2771 lupi,
666 2715 729 2757 teste
769 2707 810 2766 ρός
832 2706 923 2753 πλείονι
947 2708 1035 2755 θάλπει
1057 2710 1185 2769 χριόμενος.
1227 2710 1371 2762 Interfuisse

127 2785 206 2836 schol.
220 2792 244 2833 et
257 2784 389 2832 Athenaeo
401 2796 443 2831 vit
456 2799 476 2832 c.
492 2785 530 2845 38.
550 2787 686 2847 Beneuen)
769 2798 827 2831 eum
838 2783 963 2846 legationi,
979 2801 1053 2849 quam
1066 2786 1131 2835 circa
1142 2787 1201 2835 belli
1214 2787 1370 2851 Peloponne-

130 2848 137 2905 s
176 2859 343 2925 Μιλτιάδηςε
355 2862 453 2921 οῖόσπερ
464 2860 602 2921 Ἀριστείδη
614 2862 731 2924 πρότερον
770 2861 829 2910 siaci
841 2862 939 2910 initium
947 2864 1063 2913 videntur
1070 2864 1235 2915 Athenienses
1244 2867 1277 2914 ad
1286 2883 1370 2930 regem

126 2939 330 2998 καίΜιλπιάδη
342 2939 456 2997 ξυνεσίτει
468 2938 516 3001 Eq.
533 2950 593 3000 1325
770 2939 900 2988 Persarum
917 2944 1021 3000 misisse,
1035 2949 1062 2990 ut
1078 2943 1125 2990 sibi
1142 2944 1301 2992 conciliarent
1318 2948 1371 2994 eius

178 3005 286 3082 Μίμαςι
304 3017 390 3064 Ioniae
402 3031 486 3073 mons;
503 3015 624 3063 σκόπελον
638 3016 727 3076 νιφόεν·
770 3017 911 3076 amicitiam,
934 3034 964 3066 ex
984 3019 1117 3068 scholiasta
1135 3021 1229 3084 colligit
1248 3022 1370 3085 Bergkius

125 3115 158 3145 τα
179 3097 330 3153 Μίμαντος
348 3094 422 3142 Nuu-
436 3108 504 3155 τῃ..
526 3092 600 3142 Cous.
622 3094 727 3144 Homer.
769 3094 801 3141 ad
820 3095 948 3159 Aristoph.
970 3096 1117 3159 Babylonios
1134 3098 1222 3159 (Mein.
1240 3101 1284 3148 Fr.
1300 3101 1366 3149 Cum.

127 3176 218 3238 Odyss.
235 3185 268 3221 111
285 3184 329 3232 172
433 3195 436 3200 v
770 3184 792 3219 11
804 3189 829 3236 p.
839 3172 896 3236 970)
910 3182 1087 3238 comparatque
1100 3175 1164 3223 Ach.
1175 3173 1295 3227 61-128.
1317 3177 1372 3227 Sed

132 3288 134 3295 ,
173 3262 298 3316 ,ήόπένιρθε
307 3259 368 3302 Χίοιο
375 3259 423 3310 παρ’
431 3258 544 3311 ἠνεμόεντα
554 3260 682 3311 Μίμαντα,
770 3251 802 3305 de
819 3250 867 3300 hac
882 3251 1006 3314 legatione
1023 3253 1086 3302 nihil
1101 3253 1202 3303 tradunt
1220 3255 1371 3319 scriptores:

126 3343 171 3393 ubi
191 3341 276 3391 Schol.
300 3340 397 3397 Μίμας
419 3339 472 3400 όρος
492 3340 588 3399 άντικρύ
606 3340 666 3388 Χίου
686 3340 729 3398 τῆς
769 3335 897 3392 praeterea
913 3330 991 3379 schol.
1004 3331 1036 3378 ad
1050 3331 1126 3395 Vesp.
1140 3329 1194 3391 506,
1209 3333 1276 3382 cuius
1293 3335 1370 3384 verba

126 3420 201 3481 νήσου
220 3420 270 3467 άπὸ
292 3419 445 3476 Μίμαντος
465 3418 515 3466 ἑνὸς
536 3420 585 3465 τῶν
605 3418 730 3479 Γιγάντων
770 3405 912 3455 Meinekius
929 3409 973 3456 Fr.
990 3409 1056 3456 Cum.
1069 3420 1088 3455 v
1100 3425 1125 3472 p.
1140 3424 1170 3471 30
1186 3409 1291 3459 feliciter
1302 3414 1370 3461 resti-

127 3498 262 3557 ὀνομασθέν
769 3484 824 3542 tuit,
849 3485 972 3533 scribens:
998 3487 1056 3546 πρός
1078 3488 1120 3534 τόν
1139 3489 1193 3536 τούς
1217 3486 1371 3550 ι’όήιευόεῖς’

175 3571 334 3638 Μιτυλήνην
350 3590 373 3622 v.
384 3589 403 3621 s.
414 3588 439 3620 n.
451 3569 594 3636 Μυτιλήνη
771 3562 907 3617 ποιήσαντα
925 3560 1056 3622 ίΤεΙεεΙίἀί
1073 3564 1148 3626 vulgo
1159 3564 1223 3613 haec
1233 3566 1319 3614 fabula
1330 3568 1372 3615 tri·

175 3649 361 3704 Μολοττικός,
381 3651 587 3699 Μολοοῃχοος
604 3649 727 3708 ,mom
770 3635 862 3696 buitur)
886 3637 923 3683 ότι
945 3639 987 3684 τὸν
1006 3638 1150 3697 ,Μόρυχον
1171 3641 1219 3686 τῶν
1242 3643 1373 3689 πολιτικῶν

125 3731 288 3791 μορμολυκεῖα
305 3729 355 3777 τοῖς
376 3728 477 3788 μοιχοῖς,
501 3728 579 3785 κύνας,
601 3725 650 3774 Th.
670 3724 726 3785 416.
771 3715 888 3771 πεποίηκε
908 3715 1045 3781 μθΐὲχθντᾳ
1068 3716 1225 3777 πραγμάτοιν,
1249 3718 1373 3778 ἀγνοήσας

126 3808 256 3871 Euripidis
269 3805 375 3869 Hippoi.
388 3822 411 3853 v.
427 3802 474 3865 644
487 3803 557 3852 affert
570 3800 718 3853 Dindorfius
769 3790 808 3836 ὅτι
818 3790 933 3851 rpvdepds
945 3791 983 3837 Καὶ
1002 3790 1097 3851 ἡδύβίθς
1114 3793 1269 3852 Κωμῳδθῗῖθίς
1284 3801 1371 3856 aperie

133 3912 136 3915 v
175 3881 292 3933 Memyg
327 3884 443 3945 antiquus
480 3880 606 3943 Euripidis
642 3879 729 3927 histrio
769 3873 870 3930 poetam
882 3869 1012 3930 vituperat,
1025 3867 1093 3931 quod
1105 3868 1281 3932 Morychum
1292 3886 1372 3934 remp.

125 3964 203 4027 longa
225 3969 250 4011 et
271 3975 375 4024 procera
398 3960 507 4021 corporis
535 3964 642 4015 statura;
655 3954 658 3960 ’
670 3957 729 4006 hinc
769 3944 929 4007 capessslVlsse
941 3943 1038 3994 finxerit

127 4042 193 4090 Rau.
209 4051 238 4100 55
252 4039 332 4098 μικρός
344 4038 425 4095 ήλίιεος
437 4036 545 4083 Μόλων
555 4035 648 4083 ironice
660 4032 729 4083 dieta
818 4030 949 4099 Μόσχοςι
967 4037 1059 4096 φαῦλος
1070 4038 1197 4099 κιθαρῳδὸς
1210 4035 1371 4098 Ἀκραγαοηῖ.

126 4125 192 4168 sunt.
229 4117 270 4165 De
282 4131 312 4164 eo
330 4113 461 4162 Demosth.
474 4113 574 4175 desals.
588 4113 630 4174 leg.
644 4128 668 4175 p.
681 4110 729 4171 246
770 4129 815 4169 νος,
831 4114 913 4161 πολλὰ
933 4114 1048 4162 ἀπνευστί
1068 4111 1146 4174 cibum
1164 4113 1228 4163 Ach.
1246 4128 1273 4174 ιο
1291 4117 1372 4177 ἕτερον

128 4195 259 4258 3Βταύτα
269 4194 302 4241 τά
317 4191 415 4252 ἰαμβεῖα
427 4190 454 4237 ἐκ
465 4190 571 4238 Φοίνικός
583 4189 649 4237 ἐστιν
660 4189 730 4249 Elpi-
771 4189 848 4247 ἥσθην
871 4187 932 4249 ἡνίκ’
954 4192 996 4238 ἐπί
1019 4191 1115 4251 Μόσχῳ
1137 4191 1246 4248 Δεξίθεος
1275 4193 1368 4253 εἰσῆλθ’

126 4274 209 4321 τίθου·
230 4271 304 4318 τοῦτο
319 4270 345 4316 δὲ
360 4269 389 4315 τὸ
406 4266 626 4326 δρᾶμα...Μόλων
645 4265 729 4325 ήγωνί-
772 4265 886 4327 ᾀσόμενος
899 4269 1017 4326 Βοιώτιον,
1030 4276 1099 4331 post
1113 4268 1270 4318 Moschum
1284 4271 1374 4321 Dexi-

127 4353 181 4410 ζετο
199 4348 239 4397 καί
258 4349 278 4394 εί
292 4347 322 4405 δή
338 4361 374 4395 τις
391 4346 464 4393 άλλος
480 4345 528 4391 τῶν
545 4343 656 4390 παλαιῶν
674 4342 729 4390 ύπο-
771 4341 867 4402 theus,
888 4349 963 4406 poeta
980 4343 1070 4406 lyricus
1081 4343 1241 4406 gratissimus,
1256 4346 1374 4409 prodiit

125 4429 212 4492 κριτῶν
771 4420 801 4468 in
818 4436 935 4470 scenam

721 4516 774 4573 (⁸93)
