<?xml version="1.0" encoding="UTF-8"?>
<!DOCTYPE html PUBLIC "-//W3C//DTD XHTML 1.0 Transitional//EN"
    "http://www.w3.org/TR/xhtml1/DTD/xhtml1-transitional.dtd">
<html xmlns="http://www.w3.org/1999/xhtml" xml:lang="en" lang="en">
 <head>
  <title>
</title>
<meta http-equiv="Content-Type" content="text/html;charset=utf-8" />
  <meta name='ocr-system' content='tesseract 3.04.00' />
  <meta name='ocr-capabilities' content='ocr_page ocr_carea ocr_par ocr_line ocrx_word'/>
</head>
<body>
  <div class='ocr_page' id='page_1' title='image "./onomasticonaris00holdgoog_0048.png"; bbox 0 0 3276 5268; ppageno 0'>
   <div class='ocr_carea' id='block_1_1' title="bbox 464 482 1035 577">
    <p class='ocr_par' dir='ltr' id='par_1_1' title="bbox 464 482 1035 577">
     <span class='ocr_line' id='line_1_1' title="bbox 464 482 1035 577; baseline 0.016 -27"><span class='ocrx_word' id='word_1_1' title='bbox 464 482 941 573; x_wconf 47' lang='lat' dir='ltr'>‘Epnihrovr-——ss&#39;Epnrrrrrbs</span> <span class='ocrx_word' id='word_1_2' title='bbox 1032 564 1035 577; x_wconf 56' lang='grc'><em>,</em></span> 
     </span>
    </p>
   </div>
   <div class='ocr_carea' id='block_1_2' title="bbox 64 658 1326 1114">
    <p class='ocr_par' dir='ltr' id='par_1_2' title="bbox 64 658 1326 1114">
     <span class='ocr_line' id='line_1_2' title="bbox 77 658 1326 727; baseline 0.004 -19"><span class='ocrx_word' id='word_1_3' title='bbox 77 658 143 709; x_wconf 91' lang='lat' dir='ltr'>lusus</span> <span class='ocrx_word' id='word_1_4' title='bbox 153 667 199 722; x_wconf 88' lang='lat' dir='ltr'>est,</span> <span class='ocrx_word' id='word_1_5' title='bbox 212 667 330 711; x_wconf 89' lang='lat' dir='ltr'>monente</span> <span class='ocrx_word' id='word_1_6' title='bbox 342 661 479 724; x_wconf 84' lang='lat' dir='ltr'>Hesychio,</span> <span class='ocrx_word' id='word_1_7' title='bbox 488 661 513 710; x_wconf 89' lang='lat' dir='ltr'>in</span> <span class='ocrx_word' id='word_1_8' title='bbox 525 661 681 727; x_wconf 88' lang='lat' dir='ltr'>quadricapi·</span> <span class='ocrx_word' id='word_1_9' title='bbox 721 660 792 710; x_wconf 88' lang='lat' dir='ltr'>caelo</span> <span class='ocrx_word' id='word_1_10' title='bbox 804 668 879 711; x_wconf 81' lang='lat' dir='ltr'>restat</span> <span class='ocrx_word' id='word_1_11' title='bbox 886 677 946 711; x_wconf 87' lang='lat' dir='ltr'>vasa</span> <span class='ocrx_word' id='word_1_12' title='bbox 956 677 1065 723; x_wconf 86' lang='lat' dir='ltr'>servans,</span> <span class='ocrx_word' id='word_1_13' title='bbox 1074 677 1131 712; x_wconf 88' lang='lat' dir='ltr'>cum</span> <span class='ocrx_word' id='word_1_14' title='bbox 1138 663 1164 712; x_wconf 92' lang='lat' dir='ltr'>di</span> <span class='ocrx_word' id='word_1_15' title='bbox 1176 663 1201 712; x_wconf 93' lang='lat' dir='ltr'>in</span> <span class='ocrx_word' id='word_1_16' title='bbox 1210 663 1326 713; x_wconf 88' lang='lat' dir='ltr'>ultimum</span> 
     </span>
     <span class='ocr_line' id='line_1_3' title="bbox 78 738 1324 805; baseline 0.004 -18"><span class='ocrx_word' id='word_1_17' title='bbox 78 746 126 787; x_wconf 89' lang='lat' dir='ltr'>tem</span> <span class='ocrx_word' id='word_1_18' title='bbox 142 739 326 789; x_wconf 84' lang='lat' dir='ltr'><strong>Mercurium</strong></span> <span class='ocrx_word' id='word_1_19' title='bbox 339 740 365 788; x_wconf 92' lang='lat' dir='ltr'>in</span> <span class='ocrx_word' id='word_1_20' title='bbox 382 740 456 789; x_wconf 88' lang='lat' dir='ltr'>trivio</span> <span class='ocrx_word' id='word_1_21' title='bbox 473 741 597 790; x_wconf 89' lang='lat' dir='ltr'>Ceramici</span> <span class='ocrx_word' id='word_1_22' title='bbox 614 743 681 805; x_wconf 89' lang='lat' dir='ltr'>posi·</span> <span class='ocrx_word' id='word_1_23' title='bbox 720 752 844 787; x_wconf 85' lang='lat' dir='ltr'>recessum</span> <span class='ocrx_word' id='word_1_24' title='bbox 855 738 979 802; x_wconf 81' lang='lat' dir='ltr'>fugerint3</span> <span class='ocrx_word' id='word_1_25' title='bbox 997 739 1139 804; x_wconf 87' lang='lat' dir='ltr'>Trygaeum</span> <span class='ocrx_word' id='word_1_26' title='bbox 1150 741 1324 792; x_wconf 89' lang='lat' dir='ltr'>advenientem</span> 
     </span>
     <span class='ocr_line' id='line_1_4' title="bbox 64 814 1325 883; baseline 0.002 -18"><span class='ocrx_word' id='word_1_27' title='bbox 64 814 148 879; x_wconf 72' lang='lat' dir='ltr'>tum).</span> <span class='ocrx_word' id='word_1_28' title='bbox 182 818 295 868; x_wconf 86' lang='lat' dir='ltr'>Hermae</span> <span class='ocrx_word' id='word_1_29' title='bbox 317 820 384 867; x_wconf 90' lang='lat' dir='ltr'>enim</span> <span class='ocrx_word' id='word_1_30' title='bbox 401 834 432 867; x_wconf 85' lang='lat' dir='ltr'>ex</span> <span class='ocrx_word' id='word_1_31' title='bbox 453 817 538 882; x_wconf 84' lang='lat' dir='ltr'>lapide</span> <span class='ocrx_word' id='word_1_32' title='bbox 559 819 681 883; x_wconf 90' lang='lat' dir='ltr'>quadrato</span> <span class='ocrx_word' id='word_1_33' title='bbox 720 817 833 879; x_wconf 82' lang='lat' dir='ltr'>primum</span> <span class='ocrx_word' id='word_1_34' title='bbox 851 816 989 866; x_wconf 84' lang='lat' dir='ltr'><strong>truculente</strong></span> <span class='ocrx_word' id='word_1_35' title='bbox 1011 817 1110 881; x_wconf 85' lang='lat' dir='ltr'>excipit,</span> <span class='ocrx_word' id='word_1_36' title='bbox 1133 834 1193 866; x_wconf 86' lang='lat' dir='ltr'>mox</span> <span class='ocrx_word' id='word_1_37' title='bbox 1210 819 1325 869; x_wconf 77' lang='lat' dir='ltr'>cantibus</span> 
     </span>
     <span class='ocr_line' id='line_1_5' title="bbox 78 892 1325 960; baseline 0.002 -17"><span class='ocrx_word' id='word_1_38' title='bbox 78 892 158 944; x_wconf 74' lang='lat' dir='ltr'>fatiae</span> <span class='ocrx_word' id='word_1_39' title='bbox 176 895 305 960; x_wconf 83' lang='lat' dir='ltr'>exsculpto</span> <span class='ocrx_word' id='word_1_40' title='bbox 322 894 377 943; x_wconf 89' lang='lat' dir='ltr'>solo</span> <span class='ocrx_word' id='word_1_41' title='bbox 393 897 475 959; x_wconf 90' lang='lat' dir='ltr'>capite</span> <span class='ocrx_word' id='word_1_42' title='bbox 492 902 517 945; x_wconf 93' lang='lat' dir='ltr'>et</span> <span class='ocrx_word' id='word_1_43' title='bbox 533 895 680 946; x_wconf 88' lang='lat' dir='ltr'>obscoenius</span> <span class='ocrx_word' id='word_1_44' title='bbox 720 892 812 942; x_wconf 91' lang='lat' dir='ltr'>oblatis</span> <span class='ocrx_word' id='word_1_45' title='bbox 824 893 936 958; x_wconf 87' lang='lat' dir='ltr'>placatus</span> <span class='ocrx_word' id='word_1_46' title='bbox 947 903 1031 944; x_wconf 89' lang='lat' dir='ltr'>narrat</span> <span class='ocrx_word' id='word_1_47' title='bbox 1042 911 1085 944; x_wconf 95' lang='lat' dir='ltr'>cur</span> <span class='ocrx_word' id='word_1_48' title='bbox 1093 895 1120 944; x_wconf 92' lang='lat' dir='ltr'>di</span> <span class='ocrx_word' id='word_1_49' title='bbox 1132 894 1234 945; x_wconf 88' lang='lat' dir='ltr'>Graecis</span> <span class='ocrx_word' id='word_1_50' title='bbox 1243 912 1325 960; x_wconf 88' lang='lat' dir='ltr'>usque</span> 
     </span>
     <span class='ocr_line' id='line_1_6' title="bbox 77 968 1322 1038; baseline 0.002 -18"><span class='ocrx_word' id='word_1_51' title='bbox 77 986 191 1035; x_wconf 87' lang='lat' dir='ltr'>expressa</span> <span class='ocrx_word' id='word_1_52' title='bbox 212 971 386 1036; x_wconf 90' lang='lat' dir='ltr'>pudendorum</span> <span class='ocrx_word' id='word_1_53' title='bbox 410 972 518 1036; x_wconf 76' lang='lat' dir='ltr'>imagine</span> <span class='ocrx_word' id='word_1_54' title='bbox 540 971 608 1035; x_wconf 82' lang='lat' dir='ltr'>(vide</span> <span class='ocrx_word' id='word_1_55' title='bbox 627 988 677 1038; x_wconf 76' lang='lat' dir='ltr'>eg.</span> <span class='ocrx_word' id='word_1_56' title='bbox 719 968 924 1033; x_wconf 82' lang='lat' dir='ltr'>belligerantibus</span> <span class='ocrx_word' id='word_1_57' title='bbox 935 972 991 1021; x_wconf 84' lang='lat' dir='ltr'>irati</span> <span class='ocrx_word' id='word_1_58' title='bbox 1002 971 1099 1021; x_wconf 90' lang='lat' dir='ltr'>caelum</span> <span class='ocrx_word' id='word_1_59' title='bbox 1113 972 1186 1022; x_wconf 90' lang='lat' dir='ltr'>Bello</span> <span class='ocrx_word' id='word_1_60' title='bbox 1197 973 1322 1034; x_wconf 82' lang='lat' dir='ltr'>cesserint,</span> 
     </span>
     <span class='ocr_line' id='line_1_7' title="bbox 77 1048 1324 1114; baseline 0.005 -20"><span class='ocrx_word' id='word_1_61' title='bbox 77 1049 189 1114; x_wconf 83' lang='lat' dir='ltr'>Thucyd.</span> <span class='ocrx_word' id='word_1_62' title='bbox 201 1062 232 1098; x_wconf 79' lang='lat' dir='ltr'>ul</span> <span class='ocrx_word' id='word_1_63' title='bbox 245 1065 266 1099; x_wconf 67' lang='lat' dir='ltr'>a</span> <span class='ocrx_word' id='word_1_64' title='bbox 280 1062 319 1111; x_wconf 73' lang='lat'>27,</span> <span class='ocrx_word' id='word_1_65' title='bbox 339 1050 544 1101; x_wconf 78' lang='lat' dir='ltr'>Pausan,Arcad.</span> <span class='ocrx_word' id='word_1_66' title='bbox 559 1067 584 1114; x_wconf 89' lang='lat' dir='ltr'>p.</span> <span class='ocrx_word' id='word_1_67' title='bbox 595 1049 643 1100; x_wconf 93' lang='lat'>666</span> <span class='ocrx_word' id='word_1_68' title='bbox 655 1059 680 1102; x_wconf 82' lang='lat' dir='ltr'>et</span> <span class='ocrx_word' id='word_1_69' title='bbox 719 1049 763 1110; x_wconf 91' lang='lat' dir='ltr'>qui</span> <span class='ocrx_word' id='word_1_70' title='bbox 782 1048 873 1098; x_wconf 83' lang='lat' dir='ltr'>Pacem</span> <span class='ocrx_word' id='word_1_71' title='bbox 888 1048 915 1097; x_wconf 93' lang='lat' dir='ltr'>in</span> <span class='ocrx_word' id='word_1_72' title='bbox 935 1049 1060 1114; x_wconf 81' lang='lat' dir='ltr'>profundo</span> <span class='ocrx_word' id='word_1_73' title='bbox 1077 1058 1150 1099; x_wconf 92' lang='lat' dir='ltr'>antro</span> <span class='ocrx_word' id='word_1_74' title='bbox 1169 1050 1324 1100; x_wconf 83' lang='lat' dir='ltr'>concluserit.</span> 
     </span>
    </p>
   </div>
   <div class='ocr_carea' id='block_1_3' title="bbox 77 1124 1324 1270">
    <p class='ocr_par' dir='ltr' id='par_1_3' title="bbox 77 1124 1324 1270">
     <span class='ocr_line' id='line_1_8' title="bbox 77 1124 1324 1195; baseline 0.001 -19"><span class='ocrx_word' id='word_1_75' title='bbox 77 1126 138 1188; x_wconf 76' lang='lat'>6813</span> <span class='ocrx_word' id='word_1_76' title='bbox 160 1129 221 1178; x_wconf 93' lang='lat' dir='ltr'>hinc</span> <span class='ocrx_word' id='word_1_77' title='bbox 238 1129 363 1178; x_wconf 86' lang='lat' dir='ltr'>Leonidas</span> <span class='ocrx_word' id='word_1_78' title='bbox 376 1129 403 1177; x_wconf 91' lang='lat' dir='ltr'>in</span> <span class='ocrx_word' id='word_1_79' title='bbox 416 1129 594 1194; x_wconf 79' lang='lat' dir='ltr'>epigrammate</span> <span class='ocrx_word' id='word_1_80' title='bbox 611 1131 680 1195; x_wconf 86' lang='lat' dir='ltr'>quod</span> <span class='ocrx_word' id='word_1_81' title='bbox 719 1124 792 1174; x_wconf 86' lang='lat' dir='ltr'>Bello</span> <span class='ocrx_word' id='word_1_82' title='bbox 820 1125 988 1191; x_wconf 83' lang='lat' dir='ltr'>tumultuante</span> <span class='ocrx_word' id='word_1_83' title='bbox 1010 1135 1035 1177; x_wconf 94' lang='lat' dir='ltr'>et</span> <span class='ocrx_word' id='word_1_84' title='bbox 1057 1143 1114 1176; x_wconf 90' lang='lat' dir='ltr'>cum</span> <span class='ocrx_word' id='word_1_85' title='bbox 1136 1129 1255 1177; x_wconf 90' lang='lat' dir='ltr'>mortario</span> <span class='ocrx_word' id='word_1_86' title='bbox 1282 1143 1324 1178; x_wconf 83' lang='lat' dir='ltr'>ex·</span> 
     </span>
     <span class='ocr_line' id='line_1_9' title="bbox 77 1206 679 1270; baseline 0.003 -14"><span class='ocrx_word' id='word_1_87' title='bbox 77 1214 140 1256; x_wconf 89' lang='lat' dir='ltr'>extat</span> <span class='ocrx_word' id='word_1_88' title='bbox 164 1206 304 1270; x_wconf 83' lang='lat' dir='ltr'>Antholog.</span> <span class='ocrx_word' id='word_1_89' title='bbox 326 1207 431 1256; x_wconf 89' lang='lat' dir='ltr'>Palatin.</span> <span class='ocrx_word' id='word_1_90' title='bbox 455 1219 483 1256; x_wconf 91' lang='lat' dir='ltr'>v1</span> <span class='ocrx_word' id='word_1_91' title='bbox 507 1219 552 1268; x_wconf 77' lang='lat'>331</span> <span class='ocrx_word' id='word_1_92' title='bbox 579 1208 679 1268; x_wconf 89' lang='lat' dir='ltr'>(Iacobs</span> 
     </span>
    </p>
   </div>
   <div class='ocr_carea' id='block_1_4' title="bbox 77 1283 679 1410">
    <p class='ocr_par' dir='ltr' id='par_1_4' title="bbox 77 1283 679 1410">
     <span class='ocr_line' id='line_1_10' title="bbox 77 1283 679 1350; baseline 0.008 -19"><span class='ocrx_word' id='word_1_93' title='bbox 77 1283 132 1333; x_wconf 89' lang='lat' dir='ltr'>Vol.</span> <span class='ocrx_word' id='word_1_94' title='bbox 146 1295 155 1331; x_wconf 92' lang='lat'>1</span> <span class='ocrx_word' id='word_1_95' title='bbox 167 1300 193 1348; x_wconf 85' lang='lat' dir='ltr'>p.</span> <span class='ocrx_word' id='word_1_96' title='bbox 209 1288 267 1349; x_wconf 77' lang='lat'>295)</span> <span class='ocrx_word' id='word_1_97' title='bbox 280 1285 464 1334; x_wconf 88' lang='lat' dir='ltr'>Mercurium</span> <span class='ocrx_word' id='word_1_98' title='bbox 478 1285 559 1349; x_wconf 91' lang='lat' dir='ltr'>ipsum</span> <span class='ocrx_word' id='word_1_99' title='bbox 573 1286 679 1350; x_wconf 86' lang='lat' dir='ltr'>quadra·</span> 
     </span>
     <span class='ocr_line' id='line_1_11' title="bbox 77 1367 211 1410; baseline 0.007 -1"><span class='ocrx_word' id='word_1_100' title='bbox 77 1367 127 1409; x_wconf 90' lang='lat' dir='ltr'>tum</span> <span class='ocrx_word' id='word_1_101' title='bbox 138 1369 211 1410; x_wconf 87' lang='lat' dir='ltr'>vocat</span> 
     </span>
    </p>
   </div>
   <div class='ocr_carea' id='block_1_5' title="bbox 109 1470 648 1527">
    <p class='ocr_par' dir='ltr' id='par_1_5' title="bbox 109 1470 648 1527">
     <span class='ocr_line' id='line_1_12' title="bbox 109 1470 648 1527; baseline 0 -13"><span class='ocrx_word' id='word_1_102' title='bbox 109 1472 144 1514; x_wconf 80' lang='grc' dir='ltr'>καὶ</span> <span class='ocrx_word' id='word_1_103' title='bbox 153 1473 182 1514; x_wconf 73' lang='lat' dir='ltr'>‹ri›</span> <span class='ocrx_word' id='word_1_104' title='bbox 191 1472 334 1527; x_wconf 72' lang='grc' dir='ltr'>τινρᾶγλυχιν</span> <span class='ocrx_word' id='word_1_105' title='bbox 341 1473 452 1525; x_wconf 77' lang='grc' dir='ltr'>μηλοααόι</span> <span class='ocrx_word' id='word_1_106' title='bbox 461 1473 556 1519; x_wconf 70' lang='grc' dir='ltr'>Μαιάδος</span> <span class='ocrx_word' id='word_1_107' title='bbox 562 1470 648 1526; x_wconf 75' lang='grc' dir='ltr'>Ἑρμαῖ.</span> 
     </span>
    </p>
   </div>
   <div class='ocr_carea' id='block_1_6' title="bbox 17 1589 678 4071">
    <p class='ocr_par' dir='ltr' id='par_1_6' title="bbox 17 1589 678 4071">
     <span class='ocr_line' id='line_1_13' title="bbox 77 1589 674 1656; baseline 0.003 -18"><span class='ocrx_word' id='word_1_108' title='bbox 77 1589 135 1640; x_wconf 92' lang='lat' dir='ltr'>Huc</span> <span class='ocrx_word' id='word_1_109' title='bbox 153 1590 254 1656; x_wconf 84' lang='lat' dir='ltr'>respicit</span> <span class='ocrx_word' id='word_1_110' title='bbox 271 1590 395 1640; x_wconf 90' lang='lat' dir='ltr'>Iuvenalis</span> <span class='ocrx_word' id='word_1_111' title='bbox 410 1592 462 1640; x_wconf 82' lang='lat' dir='ltr'>Sat.</span> <span class='ocrx_word' id='word_1_112' title='bbox 482 1602 537 1638; x_wconf 85' lang='lat' dir='ltr'>vm</span> <span class='ocrx_word' id='word_1_113' title='bbox 558 1603 603 1652; x_wconf 73' lang='lat'>533</span> <span class='ocrx_word' id='word_1_114' title='bbox 621 1590 674 1640; x_wconf 87' lang='lat' dir='ltr'>Cic</span> 
     </span>
     <span class='ocr_line' id='line_1_14' title="bbox 76 1667 678 1729; baseline -0.002 -13"><span class='ocrx_word' id='word_1_115' title='bbox 76 1668 107 1717; x_wconf 92' lang='lat' dir='ltr'>de</span> <span class='ocrx_word' id='word_1_116' title='bbox 117 1669 178 1717; x_wconf 87' lang='lat' dir='ltr'>Nat.</span> <span class='ocrx_word' id='word_1_117' title='bbox 190 1670 267 1719; x_wconf 82' lang='lat' dir='ltr'>Deor.</span> <span class='ocrx_word' id='word_1_118' title='bbox 288 1679 323 1716; x_wconf 85' lang='lat'>111</span> <span class='ocrx_word' id='word_1_119' title='bbox 340 1684 361 1718; x_wconf 83' lang='lat' dir='ltr'>c</span> <span class='ocrx_word' id='word_1_120' title='bbox 380 1680 426 1727; x_wconf 75' lang='lat'>223</span> <span class='ocrx_word' id='word_1_121' title='bbox 444 1668 540 1716; x_wconf 88' lang='lat' dir='ltr'>Herod.</span> <span class='ocrx_word' id='word_1_122' title='bbox 559 1667 636 1729; x_wconf 67' lang='lat'>1151)</span> <span class='ocrx_word' id='word_1_123' title='bbox 652 1668 678 1715; x_wconf 94' lang='lat' dir='ltr'>in</span> 
     </span>
     <span class='ocr_line' id='line_1_15' title="bbox 76 1745 677 1810; baseline -0.002 -16"><span class='ocrx_word' id='word_1_124' title='bbox 76 1746 119 1795; x_wconf 91' lang='lat' dir='ltr'>viis</span> <span class='ocrx_word' id='word_1_125' title='bbox 140 1747 249 1810; x_wconf 90' lang='lat' dir='ltr'>publicis</span> <span class='ocrx_word' id='word_1_126' title='bbox 272 1749 380 1796; x_wconf 85' lang='lat' dir='ltr'>maxime</span> <span class='ocrx_word' id='word_1_127' title='bbox 401 1749 427 1794; x_wconf 92' lang='lat' dir='ltr'>in</span> <span class='ocrx_word' id='word_1_128' title='bbox 450 1745 524 1795; x_wconf 87' lang='lat' dir='ltr'>biviis</span> <span class='ocrx_word' id='word_1_129' title='bbox 547 1751 572 1796; x_wconf 92' lang='lat' dir='ltr'>et</span> <span class='ocrx_word' id='word_1_130' title='bbox 600 1745 677 1794; x_wconf 85' lang='lat' dir='ltr'>triviis</span> 
     </span>
     <span class='ocr_line' id='line_1_16' title="bbox 76 1825 677 1889; baseline 0 -16"><span class='ocrx_word' id='word_1_131' title='bbox 76 1826 238 1888; x_wconf 87' lang='lat' dir='ltr'>ponebantur,</span> <span class='ocrx_word' id='word_1_132' title='bbox 249 1841 354 1889; x_wconf 90' lang='lat' dir='ltr'>quorum</span> <span class='ocrx_word' id='word_1_133' title='bbox 366 1825 547 1889; x_wconf 85' lang='lat' dir='ltr'>inscriptiones,</span> <span class='ocrx_word' id='word_1_134' title='bbox 558 1839 677 1888; x_wconf 92' lang='lat' dir='ltr'>quorsum</span> 
     </span>
     <span class='ocr_line' id='line_1_17' title="bbox 76 1901 675 1966; baseline 0 -15"><span class='ocrx_word' id='word_1_135' title='bbox 76 1917 184 1966; x_wconf 90' lang='lat' dir='ltr'>quaeque</span> <span class='ocrx_word' id='word_1_136' title='bbox 195 1902 237 1952; x_wconf 85' lang='lat' dir='ltr'>via</span> <span class='ocrx_word' id='word_1_137' title='bbox 248 1903 356 1964; x_wconf 87' lang='lat' dir='ltr'>duceret,</span> <span class='ocrx_word' id='word_1_138' title='bbox 368 1902 505 1951; x_wconf 86' lang='lat' dir='ltr'>viatoribus</span> <span class='ocrx_word' id='word_1_139' title='bbox 522 1901 675 1951; x_wconf 87' lang='lat' dir='ltr'>indicarent:</span> 
     </span>
     <span class='ocr_line' id='line_1_18' title="bbox 77 1979 676 2030; baseline 0 -2"><span class='ocrx_word' id='word_1_140' title='bbox 77 1979 148 2029; x_wconf 89' lang='lat' dir='ltr'>talem</span> <span class='ocrx_word' id='word_1_141' title='bbox 159 1981 269 2030; x_wconf 88' lang='lat' dir='ltr'>Athenis</span> <span class='ocrx_word' id='word_1_142' title='bbox 277 1997 293 2029; x_wconf 93' lang='lat' dir='ltr'>a</span> <span class='ocrx_word' id='word_1_143' title='bbox 301 1979 522 2030; x_wconf 84' lang='lat' dir='ltr'>Patroclidetuisse</span> <span class='ocrx_word' id='word_1_144' title='bbox 533 1979 676 2029; x_wconf 90' lang='lat' dir='ltr'>dedicatum</span> 
     </span>
     <span class='ocr_line' id='line_1_19' title="bbox 77 2057 676 2122; baseline 0.002 -17"><span class='ocrx_word' id='word_1_145' title='bbox 77 2057 146 2107; x_wconf 91' lang='lat' dir='ltr'>docet</span> <span class='ocrx_word' id='word_1_146' title='bbox 158 2058 354 2122; x_wconf 85' lang='lat' dir='ltr'>Harpocration.</span> <span class='ocrx_word' id='word_1_147' title='bbox 391 2059 434 2107; x_wconf 90' lang='lat' dir='ltr'>Ab</span> <span class='ocrx_word' id='word_1_148' title='bbox 446 2057 485 2107; x_wconf 95' lang='lat' dir='ltr'>his</span> <span class='ocrx_word' id='word_1_149' title='bbox 501 2066 584 2107; x_wconf 89' lang='lat' dir='ltr'>autem</span> <span class='ocrx_word' id='word_1_150' title='bbox 602 2057 676 2106; x_wconf 90' lang='lat' dir='ltr'>Her·</span> 
     </span>
     <span class='ocr_line' id='line_1_20' title="bbox 77 2135 676 2199; baseline 0.005 -17"><span class='ocrx_word' id='word_1_151' title='bbox 77 2137 127 2184; x_wconf 89' lang='lat' dir='ltr'>mis</span> <span class='ocrx_word' id='word_1_152' title='bbox 148 2136 257 2185; x_wconf 90' lang='lat' dir='ltr'>multum</span> <span class='ocrx_word' id='word_1_153' title='bbox 272 2142 298 2185; x_wconf 89' lang='lat' dir='ltr'>et</span> <span class='ocrx_word' id='word_1_154' title='bbox 319 2135 490 2199; x_wconf 84' lang='lat' dir='ltr'>magnitudine</span> <span class='ocrx_word' id='word_1_155' title='bbox 508 2142 533 2184; x_wconf 90' lang='lat' dir='ltr'>et</span> <span class='ocrx_word' id='word_1_156' title='bbox 553 2135 676 2198; x_wconf 78' lang='lat' dir='ltr'>elegantia</span> 
     </span>
     <span class='ocr_line' id='line_1_21' title="bbox 77 2212 675 2278; baseline -0.002 -17"><span class='ocrx_word' id='word_1_157' title='bbox 77 2213 154 2275; x_wconf 91' lang='lat' dir='ltr'>operis</span> <span class='ocrx_word' id='word_1_158' title='bbox 175 2214 212 2262; x_wconf 89' lang='lat' dir='ltr'>illi</span> <span class='ocrx_word' id='word_1_159' title='bbox 236 2213 370 2274; x_wconf 88' lang='lat' dir='ltr'>distabant,</span> <span class='ocrx_word' id='word_1_160' title='bbox 397 2229 460 2278; x_wconf 92' lang='lat' dir='ltr'>quos</span> <span class='ocrx_word' id='word_1_161' title='bbox 477 2213 550 2261; x_wconf 90' lang='lat' dir='ltr'>multi</span> <span class='ocrx_word' id='word_1_162' title='bbox 571 2212 675 2260; x_wconf 88' lang='lat' dir='ltr'>Atheni·</span> 
     </span>
     <span class='ocr_line' id='line_1_22' title="bbox 77 2290 673 2341; baseline 0.002 -4"><span class='ocrx_word' id='word_1_163' title='bbox 77 2292 168 2339; x_wconf 88' lang='lat' dir='ltr'>ensium</span> <span class='ocrx_word' id='word_1_164' title='bbox 183 2300 243 2340; x_wconf 90' lang='lat' dir='ltr'>ante</span> <span class='ocrx_word' id='word_1_165' title='bbox 255 2290 320 2341; x_wconf 83' lang='lat' dir='ltr'>iores</span> <span class='ocrx_word' id='word_1_166' title='bbox 336 2292 436 2340; x_wconf 87' lang='lat' dir='ltr'>aedium</span> <span class='ocrx_word' id='word_1_167' title='bbox 452 2298 477 2341; x_wconf 90' lang='lat' dir='ltr'>et</span> <span class='ocrx_word' id='word_1_168' title='bbox 493 2290 520 2339; x_wconf 93' lang='lat' dir='ltr'>in</span> <span class='ocrx_word' id='word_1_169' title='bbox 533 2291 601 2340; x_wconf 92' lang='lat' dir='ltr'>atriis</span> <span class='ocrx_word' id='word_1_170' title='bbox 616 2306 673 2340; x_wconf 89' lang='lat' dir='ltr'>con·</span> 
     </span>
     <span class='ocr_line' id='line_1_23' title="bbox 77 2367 673 2437; baseline 0.003 -23"><span class='ocrx_word' id='word_1_171' title='bbox 77 2367 170 2419; x_wconf 81' lang='lat' dir='ltr'>stitutus</span> <span class='ocrx_word' id='word_1_172' title='bbox 178 2369 316 2428; x_wconf 87' lang='lat' dir='ltr'>habebant,</span> <span class='ocrx_word' id='word_1_173' title='bbox 325 2370 452 2437; x_wconf 89' lang='lat' dir='ltr'>quilimeu</span> <span class='ocrx_word' id='word_1_174' title='bbox 459 2378 534 2434; x_wconf 87' lang='lat' dir='ltr'>atque</span> <span class='ocrx_word' id='word_1_175' title='bbox 545 2372 673 2419; x_wconf 89' lang='lat' dir='ltr'>introitum</span> 
     </span>
     <span class='ocr_line' id='line_1_24' title="bbox 76 2448 673 2511; baseline 0 -17"><span class='ocrx_word' id='word_1_176' title='bbox 76 2456 201 2509; x_wconf 85' lang='lat' dir='ltr'>servarent,</span> <span class='ocrx_word' id='word_1_177' title='bbox 214 2448 331 2511; x_wconf 83' lang='lat' dir='ltr'>furesque</span> <span class='ocrx_word' id='word_1_178' title='bbox 343 2448 401 2496; x_wconf 92' lang='lat' dir='ltr'>inde</span> <span class='ocrx_word' id='word_1_179' title='bbox 409 2448 549 2511; x_wconf 86' lang='lat' dir='ltr'>abigerent:</span> <span class='ocrx_word' id='word_1_180' title='bbox 568 2462 673 2511; x_wconf 89' lang='lat' dir='ltr'>quorum</span> 
     </span>
     <span class='ocr_line' id='line_1_25' title="bbox 76 2525 673 2591; baseline 0 -20"><span class='ocrx_word' id='word_1_181' title='bbox 76 2525 171 2587; x_wconf 89' lang='lat' dir='ltr'>quidem</span> <span class='ocrx_word' id='word_1_182' title='bbox 182 2541 265 2591; x_wconf 91' lang='lat' dir='ltr'>neque</span> <span class='ocrx_word' id='word_1_183' title='bbox 277 2541 336 2574; x_wconf 90' lang='lat' dir='ltr'>cura</span> <span class='ocrx_word' id='word_1_184' title='bbox 347 2534 398 2575; x_wconf 88' lang='lat' dir='ltr'>erat</span> <span class='ocrx_word' id='word_1_185' title='bbox 408 2541 499 2590; x_wconf 87' lang='lat' dir='ltr'>magna</span> <span class='ocrx_word' id='word_1_186' title='bbox 510 2540 590 2589; x_wconf 89' lang='lat' dir='ltr'>neque</span> <span class='ocrx_word' id='word_1_187' title='bbox 601 2539 673 2573; x_wconf 90' lang='lat' dir='ltr'>vene·</span> 
     </span>
     <span class='ocr_line' id='line_1_26' title="bbox 77 2601 674 2668; baseline 0 -19"><span class='ocrx_word' id='word_1_188' title='bbox 77 2605 143 2663; x_wconf 89' lang='lat' dir='ltr'>ratio,</span> <span class='ocrx_word' id='word_1_189' title='bbox 168 2612 194 2653; x_wconf 93' lang='lat' dir='ltr'>ut</span> <span class='ocrx_word' id='word_1_190' title='bbox 217 2603 366 2668; x_wconf 91' lang='lat' dir='ltr'>plerumque</span> <span class='ocrx_word' id='word_1_191' title='bbox 388 2604 562 2653; x_wconf 88' lang='lat' dir='ltr'>dedicarentur</span> <span class='ocrx_word' id='word_1_192' title='bbox 583 2601 674 2654; x_wconf 84' lang='lat' dir='ltr'>oblatis</span> 
     </span>
     <span class='ocr_line' id='line_1_27' title="bbox 77 2679 673 2749; baseline 0.002 -22"><span class='ocrx_word' id='word_1_193' title='bbox 77 2679 128 2730; x_wconf 92' lang='lat' dir='ltr'>ollis</span> <span class='ocrx_word' id='word_1_194' title='bbox 149 2698 212 2746; x_wconf 90' lang='lat' dir='ltr'>quae</span> <span class='ocrx_word' id='word_1_195' title='bbox 240 2682 408 2749; x_wconf 75' lang='lat' dir='ltr'>leguminibus</span> <span class='ocrx_word' id='word_1_196' title='bbox 434 2680 474 2731; x_wconf 88' lang='lat' dir='ltr'>vel</span> <span class='ocrx_word' id='word_1_197' title='bbox 496 2681 566 2745; x_wconf 90' lang='lat' dir='ltr'>pulte</span> <span class='ocrx_word' id='word_1_198' title='bbox 592 2687 673 2728; x_wconf 87' lang='lat' dir='ltr'>essent</span> 
     </span>
     <span class='ocr_line' id='line_1_28' title="bbox 77 2757 673 2822; baseline -0.002 -17"><span class='ocrx_word' id='word_1_199' title='bbox 77 2759 185 2822; x_wconf 82' lang='lat' dir='ltr'>repletae,</span> <span class='ocrx_word' id='word_1_200' title='bbox 211 2776 270 2810; x_wconf 91' lang='lat' dir='ltr'>cum</span> <span class='ocrx_word' id='word_1_201' title='bbox 295 2760 390 2809; x_wconf 87' lang='lat' dir='ltr'>maiora</span> <span class='ocrx_word' id='word_1_202' title='bbox 417 2758 548 2808; x_wconf 88' lang='lat' dir='ltr'>simulacra</span> <span class='ocrx_word' id='word_1_203' title='bbox 570 2757 673 2810; x_wconf 74' lang='lat' dir='ltr'>deorum</span> 
     </span>
     <span class='ocr_line' id='line_1_29' title="bbox 78 2833 675 2887; baseline -0.005 0"><span class='ocrx_word' id='word_1_204' title='bbox 78 2833 181 2887; x_wconf 66' lang='lat' dir='ltr'>victimis</span> <span class='ocrx_word' id='word_1_205' title='bbox 198 2837 278 2887; x_wconf 89' lang='lat' dir='ltr'>caesis</span> <span class='ocrx_word' id='word_1_206' title='bbox 295 2840 433 2887; x_wconf 89' lang='lat' dir='ltr'>consecrari</span> <span class='ocrx_word' id='word_1_207' title='bbox 455 2837 570 2887; x_wconf 89' lang='lat' dir='ltr'>solerent.</span> <span class='ocrx_word' id='word_1_208' title='bbox 605 2835 675 2884; x_wconf 91' lang='lat' dir='ltr'>Hinc</span> 
     </span>
     <span class='ocr_line' id='line_1_30' title="bbox 79 2912 674 2978; baseline -0.008 -12"><span class='ocrx_word' id='word_1_209' title='bbox 79 2912 188 2978; x_wconf 86' lang='lat' dir='ltr'>Trygaeo</span> <span class='ocrx_word' id='word_1_210' title='bbox 215 2917 276 2965; x_wconf 92' lang='lat' dir='ltr'>Paci</span> <span class='ocrx_word' id='word_1_211' title='bbox 301 2916 363 2965; x_wconf 91' lang='lat' dir='ltr'>deae</span> <span class='ocrx_word' id='word_1_212' title='bbox 382 2915 541 2967; x_wconf 89' lang='lat' dir='ltr'>simulacrum</span> <span class='ocrx_word' id='word_1_213' title='bbox 560 2913 617 2962; x_wconf 90' lang='lat' dir='ltr'>ollis</span> <span class='ocrx_word' id='word_1_214' title='bbox 639 2913 674 2965; x_wconf 91' lang='lat' dir='ltr'>le·</span> 
     </span>
     <span class='ocr_line' id='line_1_31' title="bbox 77 2992 675 3055; baseline -0.002 -13"><span class='ocrx_word' id='word_1_215' title='bbox 77 2997 198 3055; x_wconf 81' lang='lat' dir='ltr'>guminum</span> <span class='ocrx_word' id='word_1_216' title='bbox 210 2994 377 3044; x_wconf 89' lang='lat' dir='ltr'>dedicandum</span> <span class='ocrx_word' id='word_1_217' title='bbox 388 3009 442 3045; x_wconf 88' lang='lat' dir='ltr'>esse</span> <span class='ocrx_word' id='word_1_218' title='bbox 458 3000 574 3046; x_wconf 87' lang='lat' dir='ltr'>censente</span> <span class='ocrx_word' id='word_1_219' title='bbox 585 2992 675 3045; x_wconf 88' lang='lat' dir='ltr'>chorus</span> 
     </span>
     <span class='ocr_line' id='line_1_32' title="bbox 78 3068 675 3134; baseline 0 -17"><span class='ocrx_word' id='word_1_220' title='bbox 78 3068 147 3120; x_wconf 86' lang='lat' dir='ltr'>vilem</span> <span class='ocrx_word' id='word_1_221' title='bbox 158 3072 292 3121; x_wconf 90' lang='lat' dir='ltr'>dedicandi</span> <span class='ocrx_word' id='word_1_222' title='bbox 304 3075 425 3121; x_wconf 87' lang='lat' dir='ltr'>rationem</span> <span class='ocrx_word' id='word_1_223' title='bbox 436 3073 538 3134; x_wconf 90' lang='lat' dir='ltr'>respuit,</span> <span class='ocrx_word' id='word_1_224' title='bbox 547 3071 675 3133; x_wconf 83' lang='grc' dir='ltr'>χυτροῒσιν</span> 
     </span>
     <span class='ocr_line' id='line_1_33' title="bbox 79 3147 672 3213; baseline -0.002 -17"><span class='ocrx_word' id='word_1_225' title='bbox 79 3147 155 3211; x_wconf 75' lang='grc' dir='ltr'>ὥσπερ</span> <span class='ocrx_word' id='word_1_226' title='bbox 165 3150 474 3212; x_wconf 72' lang='grc' dir='ltr'>μεμφόμενονἙρμίδιον</span> <span class='ocrx_word' id='word_1_227' title='bbox 486 3149 542 3203; x_wconf 79' lang='lat' dir='ltr'>Pac.</span> <span class='ocrx_word' id='word_1_228' title='bbox 555 3163 602 3213; x_wconf 79' lang='lat'>922</span> <span class='ocrx_word' id='word_1_229' title='bbox 610 3148 672 3209; x_wconf 59' lang='lat' dir='ltr'>ihc.</span> 
     </span>
     <span class='ocr_line' id='line_1_34' title="bbox 79 3225 673 3292; baseline 0 -19"><span class='ocrx_word' id='word_1_230' title='bbox 79 3226 473 3292; x_wconf 73' lang='lat' dir='ltr'>morosumproptervilascllas</span> <span class='ocrx_word' id='word_1_231' title='bbox 481 3226 499 3289; x_wconf 83' lang='lat'>3)</span> <span class='ocrx_word' id='word_1_232' title='bbox 517 3225 673 3288; x_wconf 53' lang='grc' dir='ltr'>πάντά-766</span> 
     </span>
     <span class='ocr_line' id='line_1_35' title="bbox 80 3301 673 3367; baseline 0.002 -16"><span class='ocrx_word' id='word_1_233' title='bbox 80 3301 117 3351; x_wconf 74' lang='lat' dir='ltr'>ir’</span> <span class='ocrx_word' id='word_1_234' title='bbox 130 3305 188 3354; x_wconf 75' lang='grc' dir='ltr'>εἰκός</span> <span class='ocrx_word' id='word_1_235' title='bbox 206 3306 275 3354; x_wconf 79' lang='grc' dir='ltr'>ἐστιν</span> <span class='ocrx_word' id='word_1_236' title='bbox 287 3306 398 3367; x_wconf 80' lang='grc' dir='ltr'>Ἑρμῆν</span> <span class='ocrx_word' id='word_1_237' title='bbox 408 3306 495 3353; x_wconf 77' lang='grc' dir='ltr'>ἐσθίειν</span> <span class='ocrx_word' id='word_1_238' title='bbox 508 3303 572 3356; x_wconf 86' lang='lat' dir='ltr'>Plut.</span> <span class='ocrx_word' id='word_1_239' title='bbox 596 3317 673 3363; x_wconf 77' lang='lat'>11223</span> 
     </span>
     <span class='ocr_line' id='line_1_36' title="bbox 17 3380 675 3441; baseline -0.002 -12"><span class='ocrx_word' id='word_1_240' title='bbox 17 3392 23 3409; x_wconf 89' lang='lat'><strong>·</strong></span> <span class='ocrx_word' id='word_1_241' title='bbox 80 3381 160 3441; x_wconf 69' lang='grc' dir='ltr'>ἄξομεν</span> <span class='ocrx_word' id='word_1_242' title='bbox 178 3385 260 3433; x_wconf 75' lang='grc' dir='ltr'>πάσας</span> <span class='ocrx_word' id='word_1_243' title='bbox 279 3384 322 3433; x_wconf 82' lang='grc' dir='ltr'>τὰς</span> <span class='ocrx_word' id='word_1_244' title='bbox 344 3384 422 3432; x_wconf 72' lang='grc' dir='ltr'>ἄλλας</span> <span class='ocrx_word' id='word_1_245' title='bbox 445 3384 544 3432; x_wconf 75' lang='grc' dir='ltr'>τελετὰς</span> <span class='ocrx_word' id='word_1_246' title='bbox 563 3382 607 3431; x_wconf 76' lang='grc' dir='ltr'>τὰς</span> <span class='ocrx_word' id='word_1_247' title='bbox 625 3380 675 3429; x_wconf 73' lang='grc' dir='ltr'>τῶν</span> 
     </span>
     <span class='ocr_line' id='line_1_37' title="bbox 80 3457 674 3524; baseline 0.005 -19"><span class='ocrx_word' id='word_1_248' title='bbox 80 3459 141 3522; x_wconf 66' lang='lat' dir='ltr'>debr,</span> <span class='ocrx_word' id='word_1_249' title='bbox 148 3460 260 3524; x_wconf 81' lang='grc' dir='ltr'>μυστήρι’</span> <span class='ocrx_word' id='word_1_250' title='bbox 268 3462 297 3510; x_wconf 77' lang='grc' dir='ltr'><strong><em>Ἐ</em></strong></span> <span class='ocrx_word' id='word_1_251' title='bbox 301 3462 364 3524; x_wconf 79' lang='grc' dir='ltr'>ρμῇ,</span> <span class='ocrx_word' id='word_1_252' title='bbox 377 3457 674 3520; x_wconf 75' lang='grc' dir='ltr'>διπόλει’,Ἀδώνια,ἅλλαι</span> 
     </span>
     <span class='ocr_line' id='line_1_38' title="bbox 78 3538 674 3598; baseline 0.007 -15"><span class='ocrx_word' id='word_1_253' title='bbox 78 3538 104 3586; x_wconf 75' lang='grc' dir='ltr'><strong><em>τὲ</em></strong></span> <span class='ocrx_word' id='word_1_254' title='bbox 118 3557 156 3589; x_wconf 83' lang='grc' dir='ltr'>σοι</span> <span class='ocrx_word' id='word_1_255' title='bbox 174 3541 257 3590; x_wconf 77' lang='grc' dir='ltr'>πόλεις</span> <span class='ocrx_word' id='word_1_256' title='bbox 276 3540 426 3598; x_wconf 75' lang='grc' dir='ltr'>πεπαυμέναι</span> <span class='ocrx_word' id='word_1_257' title='bbox 444 3539 523 3587; x_wconf 80' lang='grc' dir='ltr'>κακῶν</span> <span class='ocrx_word' id='word_1_258' title='bbox 540 3539 674 3597; x_wconf 73' lang='grc' dir='ltr'>ἀλεξικάκῳ</span> 
     </span>
     <span class='ocr_line' id='line_1_39' title="bbox 81 3616 672 3683; baseline 0.002 -22"><span class='ocrx_word' id='word_1_259' title='bbox 81 3616 223 3666; x_wconf 79' lang='grc' dir='ltr'>θύσουσινἝ</span> <span class='ocrx_word' id='word_1_260' title='bbox 228 3636 243 3680; x_wconf 86' lang='grc' dir='ltr'>ρ</span> <span class='ocrx_word' id='word_1_261' title='bbox 248 3618 288 3680; x_wconf 78' lang='grc' dir='ltr'>μῇ</span> <span class='ocrx_word' id='word_1_262' title='bbox 300 3618 427 3683; x_wconf 80' lang='grc' dir='ltr'>πανταχοῦ</span> <span class='ocrx_word' id='word_1_263' title='bbox 440 3618 495 3669; x_wconf 87' lang='lat' dir='ltr'>Pac.</span> <span class='ocrx_word' id='word_1_264' title='bbox 509 3630 571 3677; x_wconf 80' lang='lat'>4203</span> <span class='ocrx_word' id='word_1_265' title='bbox 585 3617 672 3678; x_wconf 73' lang='grc' dir='ltr'><strong>Ἐρμῇ,</strong></span> 
     </span>
     <span class='ocr_line' id='line_1_40' title="bbox 80 3693 673 3758; baseline -0.008 -13"><span class='ocrx_word' id='word_1_266' title='bbox 80 3693 183 3756; x_wconf 69' lang='grc' dir='ltr'>Χάρισιν,</span> <span class='ocrx_word' id='word_1_267' title='bbox 199 3697 309 3758; x_wconf 73' lang='grc' dir='ltr'>Ὥραισιν</span> <span class='ocrx_word' id='word_1_268' title='bbox 334 3696 391 3743; x_wconf 91' lang='lat' dir='ltr'>Pac.</span> <span class='ocrx_word' id='word_1_269' title='bbox 418 3707 480 3755; x_wconf 82' lang='lat'><strong>4553</strong></span> <span class='ocrx_word' id='word_1_270' title='bbox 498 3693 673 3757; x_wconf 82' lang='lat' dir='ltr'>Mercurius</span> 
     </span>
     <span class='ocr_line' id='line_1_41' title="bbox 79 3772 671 3837; baseline -0.003 -18"><span class='ocrx_word' id='word_1_271' title='bbox 79 3772 201 3822; x_wconf 85' lang='lat' dir='ltr'>invocatur</span> <span class='ocrx_word' id='word_1_272' title='bbox 218 3775 245 3823; x_wconf 91' lang='lat' dir='ltr'>in</span> <span class='ocrx_word' id='word_1_273' title='bbox 265 3772 476 3837; x_wconf 63' lang='lat' dir='ltr'>Thesmophoria,</span> <span class='ocrx_word' id='word_1_274' title='bbox 492 3772 594 3821; x_wconf 86' lang='lat' dir='ltr'>Thesm.</span> <span class='ocrx_word' id='word_1_275' title='bbox 617 3784 671 3834; x_wconf 79' lang='lat'>299.</span> 
     </span>
     <span class='ocr_line' id='line_1_42' title="bbox 80 3848 671 3913; baseline 0 -16"><span class='ocrx_word' id='word_1_276' title='bbox 80 3848 123 3899; x_wconf 92' lang='lat' dir='ltr'>Per</span> <span class='ocrx_word' id='word_1_277' title='bbox 137 3867 194 3901; x_wconf 92' lang='lat' dir='ltr'>eum</span> <span class='ocrx_word' id='word_1_278' title='bbox 211 3853 294 3902; x_wconf 90' lang='lat' dir='ltr'>iurant</span> <span class='ocrx_word' id='word_1_279' title='bbox 311 3852 357 3901; x_wconf 91' lang='lat' dir='ltr'>viri</span> <span class='ocrx_word' id='word_1_280' title='bbox 374 3852 437 3905; x_wconf 78' lang='lat' dir='ltr'>Aen</span> <span class='ocrx_word' id='word_1_281' title='bbox 461 3862 515 3913; x_wconf 81' lang='lat'>742,</span> <span class='ocrx_word' id='word_1_282' title='bbox 542 3862 597 3913; x_wconf 84' lang='lat'>779,</span> <span class='ocrx_word' id='word_1_283' title='bbox 624 3850 671 3911; x_wconf 87' lang='lat' dir='ltr'>Eq.</span> 
     </span>
     <span class='ocr_line' id='line_1_43' title="bbox 80 3928 673 3993; baseline -0.003 -17"><span class='ocrx_word' id='word_1_284' title='bbox 80 3931 298 3993; x_wconf 43' lang='lat' dir='ltr'>297,‚Nub.1a77,</span> <span class='ocrx_word' id='word_1_285' title='bbox 317 3932 381 3980; x_wconf 91' lang='lat' dir='ltr'>Ran.</span> <span class='ocrx_word' id='word_1_286' title='bbox 400 3928 469 3992; x_wconf 78' lang='lat'>1169,</span> <span class='ocrx_word' id='word_1_287' title='bbox 490 3929 558 3979; x_wconf 86' lang='lat' dir='ltr'>Ecci.</span> <span class='ocrx_word' id='word_1_288' title='bbox 581 3941 628 3990; x_wconf 87' lang='lat'>445</span> <span class='ocrx_word' id='word_1_289' title='bbox 645 3930 673 3988; x_wconf 74' lang='grc' dir='ltr'>νὴ</span> 
     </span>
     <span class='ocr_line' id='line_1_44' title="bbox 79 4006 671 4071; baseline 0.002 -18"><span class='ocrx_word' id='word_1_290' title='bbox 79 4007 240 4071; x_wconf 70' lang='grc' dir='ltr'>τονἙρμῆνς</span> <span class='ocrx_word' id='word_1_291' title='bbox 257 4007 338 4070; x_wconf 75' lang='grc' dir='ltr'>ὥφίλ’</span> <span class='ocrx_word' id='word_1_292' title='bbox 348 4009 439 4070; x_wconf 79' lang='grc' dir='ltr'>Ἑρμῆ</span> <span class='ocrx_word' id='word_1_293' title='bbox 456 4006 525 4056; x_wconf 92' lang='lat' dir='ltr'>Nub.</span> <span class='ocrx_word' id='word_1_294' title='bbox 534 4008 603 4067; x_wconf 84' lang='lat'>1478,</span> <span class='ocrx_word' id='word_1_295' title='bbox 612 4007 671 4059; x_wconf 87' lang='lat' dir='ltr'>Pac.</span> 
     </span>
    </p>
   </div>
   <div class='ocr_carea' id='block_1_7' title="bbox 716 1203 1324 2824">
    <p class='ocr_par' dir='ltr' id='par_1_7' title="bbox 716 1203 1324 2824">
     <span class='ocr_line' id='line_1_45' title="bbox 719 1203 1324 1269; baseline 0.007 -18"><span class='ocrx_word' id='word_1_296' title='bbox 719 1210 793 1253; x_wconf 89' lang='lat' dir='ltr'>eunte</span> <span class='ocrx_word' id='word_1_297' title='bbox 804 1203 858 1253; x_wconf 88' lang='lat' dir='ltr'>abit</span> <span class='ocrx_word' id='word_1_298' title='bbox 869 1203 1029 1267; x_wconf 73' lang='lat'>(180-233).</span> <span class='ocrx_word' id='word_1_299' title='bbox 1063 1204 1206 1269; x_wconf 85' lang='lat' dir='ltr'>Trygaeum</span> <span class='ocrx_word' id='word_1_300' title='bbox 1218 1214 1245 1255; x_wconf 92' lang='lat' dir='ltr'>ut</span> <span class='ocrx_word' id='word_1_301' title='bbox 1256 1206 1324 1256; x_wconf 88' lang='lat' dir='ltr'>videt</span> 
     </span>
     <span class='ocr_line' id='line_1_46' title="bbox 718 1282 1323 1347; baseline 0.008 -18"><span class='ocrx_word' id='word_1_302' title='bbox 718 1294 775 1329; x_wconf 91' lang='lat' dir='ltr'>cum</span> <span class='ocrx_word' id='word_1_303' title='bbox 793 1282 908 1346; x_wconf 86' lang='lat' dir='ltr'>agricolis</span> <span class='ocrx_word' id='word_1_304' title='bbox 928 1283 1018 1332; x_wconf 91' lang='lat' dir='ltr'>Pacem</span> <span class='ocrx_word' id='word_1_305' title='bbox 1037 1283 1165 1333; x_wconf 88' lang='lat' dir='ltr'>extrahere</span> <span class='ocrx_word' id='word_1_306' title='bbox 1181 1292 1323 1347; x_wconf 87' lang='lat' dir='ltr'>conantem,</span> 
     </span>
     <span class='ocr_line' id='line_1_47' title="bbox 718 1358 1324 1423; baseline 0.01 -18"><span class='ocrx_word' id='word_1_307' title='bbox 718 1358 889 1408; x_wconf 88' lang='lat' dir='ltr'>cumclarnore</span> <span class='ocrx_word' id='word_1_308' title='bbox 898 1359 1010 1423; x_wconf 84' lang='lat' dir='ltr'>impedit,</span> <span class='ocrx_word' id='word_1_309' title='bbox 1024 1360 1084 1408; x_wconf 91' lang='lat' dir='ltr'>Iove</span> <span class='ocrx_word' id='word_1_310' title='bbox 1093 1368 1199 1410; x_wconf 87' lang='lat' dir='ltr'>mortem</span> <span class='ocrx_word' id='word_1_311' title='bbox 1207 1361 1324 1411; x_wconf 88' lang='lat' dir='ltr'>denunci-</span> 
     </span>
     <span class='ocr_line' id='line_1_48' title="bbox 717 1435 1324 1500; baseline 0.012 -18"><span class='ocrx_word' id='word_1_312' title='bbox 717 1441 776 1483; x_wconf 88' lang='lat' dir='ltr'>ante</span> <span class='ocrx_word' id='word_1_313' title='bbox 787 1435 810 1484; x_wconf 90' lang='lat' dir='ltr'>ei</span> <span class='ocrx_word' id='word_1_314' title='bbox 822 1435 865 1498; x_wconf 92' lang='lat' dir='ltr'>qui</span> <span class='ocrx_word' id='word_1_315' title='bbox 878 1436 968 1485; x_wconf 87' lang='lat' dir='ltr'>Pacem</span> <span class='ocrx_word' id='word_1_316' title='bbox 977 1436 1097 1486; x_wconf 80' lang='lat' dir='ltr'>effodiens</span> <span class='ocrx_word' id='word_1_317' title='bbox 1108 1436 1309 1500; x_wconf 89' lang='lat' dir='ltr'>deprehendatur</span> <span class='ocrx_word' id='word_1_318' title='bbox 1315 1459 1324 1499; x_wconf 71' lang='grc' dir='ltr'><strong><em>ς</em></strong></span> 
     </span>
     <span class='ocr_line' id='line_1_49' title="bbox 718 1512 1320 1578; baseline 0.01 -19"><span class='ocrx_word' id='word_1_319' title='bbox 718 1512 763 1560; x_wconf 91' lang='lat' dir='ltr'>sed</span> <span class='ocrx_word' id='word_1_320' title='bbox 785 1512 886 1562; x_wconf 90' lang='lat' dir='ltr'>tandem</span> <span class='ocrx_word' id='word_1_321' title='bbox 904 1514 1018 1577; x_wconf 90' lang='lat' dir='ltr'>precibus</span> <span class='ocrx_word' id='word_1_322' title='bbox 1041 1530 1086 1578; x_wconf 89' lang='lat' dir='ltr'>per</span> <span class='ocrx_word' id='word_1_323' title='bbox 1108 1530 1193 1564; x_wconf 87' lang='lat' dir='ltr'>carnes</span> <span class='ocrx_word' id='word_1_324' title='bbox 1215 1515 1320 1576; x_wconf 87' lang='lat' dir='ltr'>oblatas,</span> 
     </span>
     <span class='ocr_line' id='line_1_50' title="bbox 720 1586 1322 1654; baseline 0.008 -17"><span class='ocrx_word' id='word_1_325' title='bbox 720 1586 821 1638; x_wconf 69' lang='lat' dir='ltr'>detecta</span> <span class='ocrx_word' id='word_1_326' title='bbox 843 1605 859 1638; x_wconf 91' lang='lat' dir='ltr'>a</span> <span class='ocrx_word' id='word_1_327' title='bbox 880 1589 995 1654; x_wconf 85' lang='lat' dir='ltr'>Trygaeo</span> <span class='ocrx_word' id='word_1_328' title='bbox 1012 1590 1182 1640; x_wconf 88' lang='lat' dir='ltr'>coniuratione</span> <span class='ocrx_word' id='word_1_329' title='bbox 1206 1591 1273 1640; x_wconf 88' lang='lat' dir='ltr'>Solis</span> <span class='ocrx_word' id='word_1_330' title='bbox 1297 1601 1322 1642; x_wconf 92' lang='lat' dir='ltr'>et</span> 
     </span>
     <span class='ocr_line' id='line_1_51' title="bbox 719 1668 1323 1736; baseline 0.007 -20"><span class='ocrx_word' id='word_1_331' title='bbox 719 1668 805 1717; x_wconf 90' lang='lat' dir='ltr'>Lunae</span> <span class='ocrx_word' id='word_1_332' title='bbox 816 1672 842 1717; x_wconf 92' lang='lat' dir='ltr'>in</span> <span class='ocrx_word' id='word_1_333' title='bbox 851 1670 919 1730; x_wconf 88' lang='lat' dir='ltr'>deos,</span> <span class='ocrx_word' id='word_1_334' title='bbox 935 1673 1056 1734; x_wconf 85' lang='lat' dir='ltr'>promisso</span> <span class='ocrx_word' id='word_1_335' title='bbox 1069 1670 1209 1736; x_wconf 88' lang='lat' dir='ltr'>principatu</span> <span class='ocrx_word' id='word_1_336' title='bbox 1217 1673 1243 1718; x_wconf 92' lang='lat' dir='ltr'>in</span> <span class='ocrx_word' id='word_1_337' title='bbox 1255 1671 1323 1720; x_wconf 85' lang='lat' dir='ltr'>festis</span> 
     </span>
     <span class='ocr_line' id='line_1_52' title="bbox 718 1746 1322 1812; baseline 0.005 -18"><span class='ocrx_word' id='word_1_338' title='bbox 718 1746 831 1810; x_wconf 83' lang='lat' dir='ltr'>plurimis</span> <span class='ocrx_word' id='word_1_339' title='bbox 851 1746 957 1795; x_wconf 88' lang='lat' dir='ltr'>aliorum</span> <span class='ocrx_word' id='word_1_340' title='bbox 979 1747 1107 1812; x_wconf 85' lang='lat' dir='ltr'>mitigatur</span> <span class='ocrx_word' id='word_1_341' title='bbox 1129 1755 1153 1797; x_wconf 91' lang='lat' dir='ltr'>et</span> <span class='ocrx_word' id='word_1_342' title='bbox 1176 1755 1322 1812; x_wconf 90' lang='lat' dir='ltr'>operaturos</span> 
     </span>
     <span class='ocr_line' id='line_1_53' title="bbox 717 1826 1322 1892; baseline 0.003 -17"><span class='ocrx_word' id='word_1_343' title='bbox 717 1826 771 1892; x_wconf 91' lang='lat' dir='ltr'>ipse</span> <span class='ocrx_word' id='word_1_344' title='bbox 782 1826 876 1886; x_wconf 90' lang='lat' dir='ltr'>incitat,</span> <span class='ocrx_word' id='word_1_345' title='bbox 890 1826 1026 1888; x_wconf 77' lang='lat'>362-427,</span> <span class='ocrx_word' id='word_1_346' title='bbox 1039 1828 1151 1877; x_wconf 90' lang='lat' dir='ltr'>indicans</span> <span class='ocrx_word' id='word_1_347' title='bbox 1160 1835 1184 1876; x_wconf 90' lang='lat' dir='ltr'>et</span> <span class='ocrx_word' id='word_1_348' title='bbox 1191 1827 1322 1892; x_wconf 88' lang='lat' dir='ltr'>impellens</span> 
     </span>
     <span class='ocr_line' id='line_1_54' title="bbox 717 1904 1322 1970; baseline 0.003 -18"><span class='ocrx_word' id='word_1_349' title='bbox 717 1904 825 1968; x_wconf 93' lang='lat' dir='ltr'>populos</span> <span class='ocrx_word' id='word_1_350' title='bbox 832 1904 875 1969; x_wconf 92' lang='lat' dir='ltr'>qui</span> <span class='ocrx_word' id='word_1_351' title='bbox 884 1905 1019 1968; x_wconf 84' lang='lat' dir='ltr'>malignam</span> <span class='ocrx_word' id='word_1_352' title='bbox 1029 1921 1131 1969; x_wconf 92' lang='lat' dir='ltr'>operam</span> <span class='ocrx_word' id='word_1_353' title='bbox 1139 1912 1265 1969; x_wconf 90' lang='lat' dir='ltr'>praestant</span> <span class='ocrx_word' id='word_1_354' title='bbox 1274 1920 1322 1970; x_wconf 86' lang='lat'>459</span> 
     </span>
     <span class='ocr_line' id='line_1_55' title="bbox 716 1982 1321 2049; baseline 0 -17"><span class='ocrx_word' id='word_1_355' title='bbox 716 1999 779 2048; x_wconf 77' lang='lat' dir='ltr'>sqq,</span> <span class='ocrx_word' id='word_1_356' title='bbox 799 1996 847 2046; x_wconf 75' lang='grc'>475</span> <span class='ocrx_word' id='word_1_357' title='bbox 860 2000 924 2049; x_wconf 84' lang='lat' dir='ltr'>sqq,</span> <span class='ocrx_word' id='word_1_358' title='bbox 937 1999 985 2045; x_wconf 84' lang='lat'>500</span> <span class='ocrx_word' id='word_1_359' title='bbox 994 2001 1047 2048; x_wconf 92' lang='lat' dir='ltr'>sqq.</span> <span class='ocrx_word' id='word_1_360' title='bbox 1086 1982 1177 2033; x_wconf 75' lang='lat' dir='ltr'>Editia</span> <span class='ocrx_word' id='word_1_361' title='bbox 1187 1985 1251 2034; x_wconf 90' lang='lat' dir='ltr'>Pace</span> <span class='ocrx_word' id='word_1_362' title='bbox 1263 1984 1321 2033; x_wconf 87' lang='lat' dir='ltr'>civi·</span> 
     </span>
     <span class='ocr_line' id='line_1_56' title="bbox 716 2060 1321 2125; baseline 0 -16"><span class='ocrx_word' id='word_1_363' title='bbox 716 2068 780 2110; x_wconf 89' lang='lat' dir='ltr'>tates</span> <span class='ocrx_word' id='word_1_364' title='bbox 791 2061 870 2111; x_wconf 91' lang='lat' dir='ltr'>amice</span> <span class='ocrx_word' id='word_1_365' title='bbox 887 2061 1077 2111; x_wconf 79' lang='lat' dir='ltr'>confabulantes</span> <span class='ocrx_word' id='word_1_366' title='bbox 1092 2060 1157 2110; x_wconf 92' lang='lat' dir='ltr'>inter</span> <span class='ocrx_word' id='word_1_367' title='bbox 1172 2077 1198 2110; x_wconf 92' lang='lat' dir='ltr'>se</span> <span class='ocrx_word' id='word_1_368' title='bbox 1210 2069 1235 2110; x_wconf 91' lang='lat' dir='ltr'>et</span> <span class='ocrx_word' id='word_1_369' title='bbox 1251 2061 1321 2125; x_wconf 89' lang='lat' dir='ltr'>pacis</span> 
     </span>
     <span class='ocr_line' id='line_1_57' title="bbox 716 2139 1321 2204; baseline 0 -17"><span class='ocrx_word' id='word_1_370' title='bbox 716 2142 936 2189; x_wconf 88' lang='lat' dir='ltr'>instrumentorum</span> <span class='ocrx_word' id='word_1_371' title='bbox 958 2139 1060 2204; x_wconf 86' lang='lat' dir='ltr'>opifices</span> <span class='ocrx_word' id='word_1_372' title='bbox 1081 2139 1159 2188; x_wconf 90' lang='lat' dir='ltr'>laetos</span> <span class='ocrx_word' id='word_1_373' title='bbox 1187 2146 1321 2196; x_wconf 86' lang='lat' dir='ltr'>monstrat;</span> 
     </span>
     <span class='ocr_line' id='line_1_58' title="bbox 716 2216 1321 2281; baseline 0.002 -16"><span class='ocrx_word' id='word_1_374' title='bbox 716 2218 837 2281; x_wconf 85' lang='lat' dir='ltr'>agricolas</span> <span class='ocrx_word' id='word_1_375' title='bbox 849 2234 889 2267; x_wconf 93' lang='lat' dir='ltr'>rus</span> <span class='ocrx_word' id='word_1_376' title='bbox 901 2234 972 2267; x_wconf 89' lang='lat' dir='ltr'>suurn</span> <span class='ocrx_word' id='word_1_377' title='bbox 979 2218 1049 2267; x_wconf 91' lang='lat' dir='ltr'>abire</span> <span class='ocrx_word' id='word_1_378' title='bbox 1058 2218 1128 2267; x_wconf 88' lang='lat' dir='ltr'>iubet</span> <span class='ocrx_word' id='word_1_379' title='bbox 1134 2225 1159 2267; x_wconf 88' lang='lat' dir='ltr'>et</span> <span class='ocrx_word' id='word_1_380' title='bbox 1168 2216 1321 2266; x_wconf 87' lang='lat' dir='ltr'>alacritatem</span> 
     </span>
     <span class='ocr_line' id='line_1_59' title="bbox 717 2293 1321 2358; baseline 0 -16"><span class='ocrx_word' id='word_1_381' title='bbox 717 2310 803 2344; x_wconf 90' lang='lat' dir='ltr'>eorum</span> <span class='ocrx_word' id='word_1_382' title='bbox 814 2296 956 2356; x_wconf 86' lang='lat' dir='ltr'>admiratur,</span> <span class='ocrx_word' id='word_1_383' title='bbox 972 2293 1108 2356; x_wconf 78' lang='lat'>538-565.</span> <span class='ocrx_word' id='word_1_384' title='bbox 1143 2295 1236 2344; x_wconf 88' lang='lat' dir='ltr'>Narrat</span> <span class='ocrx_word' id='word_1_385' title='bbox 1248 2295 1321 2358; x_wconf 88' lang='lat' dir='ltr'>origi·</span> 
     </span>
     <span class='ocr_line' id='line_1_60' title="bbox 716 2371 1322 2438; baseline -0.002 -17"><span class='ocrx_word' id='word_1_386' title='bbox 716 2388 774 2422; x_wconf 90' lang='lat' dir='ltr'>nem</span> <span class='ocrx_word' id='word_1_387' title='bbox 786 2381 811 2422; x_wconf 92' lang='lat' dir='ltr'>et</span> <span class='ocrx_word' id='word_1_388' title='bbox 822 2389 978 2438; x_wconf 87' lang='lat' dir='ltr'>progressum</span> <span class='ocrx_word' id='word_1_389' title='bbox 990 2373 1050 2421; x_wconf 89' lang='lat' dir='ltr'>belli</span> <span class='ocrx_word' id='word_1_390' title='bbox 1061 2380 1087 2421; x_wconf 90' lang='lat' dir='ltr'>et</span> <span class='ocrx_word' id='word_1_391' title='bbox 1106 2373 1196 2436; x_wconf 87' lang='lat' dir='ltr'>quibus</span> <span class='ocrx_word' id='word_1_392' title='bbox 1213 2371 1322 2421; x_wconf 87' lang='lat' dir='ltr'>artificiis</span> 
     </span>
     <span class='ocr_line' id='line_1_61' title="bbox 716 2450 1319 2516; baseline 0.002 -17"><span class='ocrx_word' id='word_1_393' title='bbox 716 2460 833 2511; x_wconf 88' lang='lat' dir='ltr'>oratores,</span> <span class='ocrx_word' id='word_1_394' title='bbox 845 2467 951 2516; x_wconf 92' lang='lat' dir='ltr'>quorum</span> <span class='ocrx_word' id='word_1_395' title='bbox 968 2451 1040 2511; x_wconf 91' lang='lat' dir='ltr'>Cleo,</span> <span class='ocrx_word' id='word_1_396' title='bbox 1056 2452 1146 2499; x_wconf 89' lang='lat' dir='ltr'>Pacem</span> <span class='ocrx_word' id='word_1_397' title='bbox 1163 2450 1261 2513; x_wconf 89' lang='lat' dir='ltr'>saepius</span> <span class='ocrx_word' id='word_1_398' title='bbox 1278 2466 1319 2500; x_wconf 91' lang='lat' dir='ltr'>ac·</span> 
     </span>
     <span class='ocr_line' id='line_1_62' title="bbox 717 2525 1323 2592; baseline -0.002 -15"><span class='ocrx_word' id='word_1_399' title='bbox 717 2529 847 2578; x_wconf 89' lang='lat' dir='ltr'>cedentem</span> <span class='ocrx_word' id='word_1_400' title='bbox 859 2527 994 2590; x_wconf 84' lang='lat' dir='ltr'>abegerint,</span> <span class='ocrx_word' id='word_1_401' title='bbox 1009 2525 1147 2589; x_wconf 84' lang='lat'>603—648.</span> <span class='ocrx_word' id='word_1_402' title='bbox 1169 2527 1246 2587; x_wconf 88' lang='lat' dir='ltr'>Pacis,</span> <span class='ocrx_word' id='word_1_403' title='bbox 1257 2543 1323 2592; x_wconf 91' lang='lat' dir='ltr'>quae</span> 
     </span>
     <span class='ocr_line' id='line_1_63' title="bbox 718 2593 1318 2669; baseline -0.003 -14"><span class='ocrx_word' id='word_1_404' title='bbox 718 2622 774 2655; x_wconf 90' lang='lat' dir='ltr'>cum</span> <span class='ocrx_word' id='word_1_405' title='bbox 791 2594 974 2669; x_wconf 58' lang='lat' dir='ltr'>spedatoribus</span> <span class='ocrx_word' id='word_1_406' title='bbox 991 2604 1100 2668; x_wconf 90' lang='lat' dir='ltr'>colloqui</span> <span class='ocrx_word' id='word_1_407' title='bbox 1112 2593 1165 2653; x_wconf 85' lang='lat' dir='ltr'>non¹</span> <span class='ocrx_word' id='word_1_408' title='bbox 1177 2605 1231 2653; x_wconf 91' lang='lat' dir='ltr'>vult</span> <span class='ocrx_word' id='word_1_409' title='bbox 1248 2605 1318 2664; x_wconf 86' lang='lat' dir='ltr'>irata,</span> 
     </span>
     <span class='ocr_line' id='line_1_64' title="bbox 717 2681 1321 2748; baseline -0.002 -17"><span class='ocrx_word' id='word_1_410' title='bbox 717 2684 838 2748; x_wconf 88' lang='lat' dir='ltr'>interpres</span> <span class='ocrx_word' id='word_1_411' title='bbox 854 2692 899 2742; x_wconf 91' lang='lat' dir='ltr'>est,</span> <span class='ocrx_word' id='word_1_412' title='bbox 920 2682 1059 2744; x_wconf 77' lang='lat'>657—702.</span> <span class='ocrx_word' id='word_1_413' title='bbox 1102 2681 1202 2731; x_wconf 91' lang='lat' dir='ltr'>Deinde</span> <span class='ocrx_word' id='word_1_414' title='bbox 1218 2698 1321 2748; x_wconf 88' lang='lat' dir='ltr'>operam</span> 
     </span>
     <span class='ocr_line' id='line_1_65' title="bbox 716 2759 1321 2824; baseline -0.002 -14"><span class='ocrx_word' id='word_1_415' title='bbox 716 2762 759 2810; x_wconf 90' lang='lat' dir='ltr'>dat</span> <span class='ocrx_word' id='word_1_416' title='bbox 782 2762 896 2824; x_wconf 83' lang='lat' dir='ltr'>Trygaeo</span> <span class='ocrx_word' id='word_1_417' title='bbox 919 2760 944 2807; x_wconf 93' lang='lat' dir='ltr'>in</span> <span class='ocrx_word' id='word_1_418' title='bbox 967 2759 1160 2818; x_wconf 87' lang='lat' dir='ltr'>matrimonium,</span> <span class='ocrx_word' id='word_1_419' title='bbox 1186 2760 1321 2809; x_wconf 90' lang='lat' dir='ltr'>Theoriam</span> 
     </span>
    </p>
   </div>
   <div class='ocr_carea' id='block_1_8' title="bbox 712 2837 1321 2897">
    <p class='ocr_par' dir='ltr' id='par_1_8' title="bbox 712 2837 1321 2897">
     <span class='ocr_line' id='line_1_66' title="bbox 712 2837 1321 2897; baseline 0.007 -14"><span class='ocrx_word' id='word_1_420' title='bbox 712 2839 791 2888; x_wconf 77' lang='lat' dir='ltr'>tradit</span> <span class='ocrx_word' id='word_1_421' title='bbox 809 2839 842 2886; x_wconf 92' lang='lat' dir='ltr'>ad</span> <span class='ocrx_word' id='word_1_422' title='bbox 864 2844 977 2887; x_wconf 89' lang='lat' dir='ltr'>senatum</span> <span class='ocrx_word' id='word_1_423' title='bbox 999 2837 1188 2897; x_wconf 81' lang='lat' dir='ltr'>abducendam3</span> <span class='ocrx_word' id='word_1_424' title='bbox 1205 2837 1321 2888; x_wconf 90' lang='lat' dir='ltr'>valedicit</span> 
     </span>
    </p>
   </div>
   <div class='ocr_carea' id='block_1_9' title="bbox 715 2909 1323 4075">
    <p class='ocr_par' dir='ltr' id='par_1_9' title="bbox 716 2909 1323 3134">
     <span class='ocr_line' id='line_1_67' title="bbox 717 2909 1321 2981; baseline -0.002 -17"><span class='ocrx_word' id='word_1_425' title='bbox 717 2916 838 2980; x_wconf 86' lang='lat' dir='ltr'>Trygaeo,</span> <span class='ocrx_word' id='word_1_426' title='bbox 851 2909 926 2980; x_wconf 89' lang='lat' dir='ltr'>quern</span> <span class='ocrx_word' id='word_1_427' title='bbox 938 2931 994 2964; x_wconf 89' lang='lat' dir='ltr'>cum</span> <span class='ocrx_word' id='word_1_428' title='bbox 1005 2930 1036 2963; x_wconf 91' lang='lat' dir='ltr'>ea</span> <span class='ocrx_word' id='word_1_429' title='bbox 1046 2914 1196 2964; x_wconf 90' lang='lat' dir='ltr'>descendere</span> <span class='ocrx_word' id='word_1_430' title='bbox 1207 2916 1240 2964; x_wconf 90' lang='lat' dir='ltr'>de</span> <span class='ocrx_word' id='word_1_431' title='bbox 1251 2916 1321 2981; x_wconf 88' lang='lat' dir='ltr'>caelo</span> 
     </span>
     <span class='ocr_line' id='line_1_68' title="bbox 716 2993 1317 3056; baseline 0.002 -14"><span class='ocrx_word' id='word_1_432' title='bbox 716 2995 793 3053; x_wconf 92' lang='lat' dir='ltr'>iubet,</span> <span class='ocrx_word' id='word_1_433' title='bbox 806 3010 862 3043; x_wconf 91' lang='lat' dir='ltr'>cum</span> <span class='ocrx_word' id='word_1_434' title='bbox 874 2993 1006 3047; x_wconf 85' lang='lat' dir='ltr'>cantharus</span> <span class='ocrx_word' id='word_1_435' title='bbox 1014 2993 1069 3041; x_wconf 91' lang='lat' dir='ltr'>Iovi</span> <span class='ocrx_word' id='word_1_436' title='bbox 1077 2996 1127 3041; x_wconf 89' lang='lat' dir='ltr'>iam</span> <span class='ocrx_word' id='word_1_437' title='bbox 1139 2993 1233 3042; x_wconf 82' lang='lat' dir='ltr'>fulmen</span> <span class='ocrx_word' id='word_1_438' title='bbox 1239 3001 1317 3056; x_wconf 87' lang='lat' dir='ltr'>gerat,</span> 
     </span>
     <span class='ocr_line' id='line_1_69' title="bbox 718 3069 1323 3134; baseline -0.015 1"><span class='ocrx_word' id='word_1_439' title='bbox 718 3069 854 3134; x_wconf 57' lang='grc' dir='ltr'>κού-κού.</span> <span class='ocrx_word' id='word_1_440' title='bbox 1320 3122 1323 3126; x_wconf 88' lang='grc'><strong>,</strong></span> 
     </span>
    </p>

    <p class='ocr_par' dir='ltr' id='par_1_10' title="bbox 715 3149 1323 4075">
     <span class='ocr_line' id='line_1_70' title="bbox 767 3149 1320 3213; baseline 0 -14"><span class='ocrx_word' id='word_1_441' title='bbox 767 3152 797 3199; x_wconf 93' lang='lat' dir='ltr'>In</span> <span class='ocrx_word' id='word_1_442' title='bbox 815 3152 889 3200; x_wconf 79' lang='lat' dir='ltr'>Pluto</span> <span class='ocrx_word' id='word_1_443' title='bbox 909 3150 1082 3201; x_wconf 90' lang='lat' dir='ltr'>Mercurius</span> <span class='ocrx_word' id='word_1_444' title='bbox 1102 3151 1135 3199; x_wconf 90' lang='lat' dir='ltr'>ad</span> <span class='ocrx_word' id='word_1_445' title='bbox 1158 3149 1320 3213; x_wconf 89' lang='lat' dir='ltr'>Chremylum</span> 
     </span>
     <span class='ocr_line' id='line_1_71' title="bbox 715 3230 1320 3285; baseline -0.003 -6"><span class='ocrx_word' id='word_1_446' title='bbox 715 3230 822 3280; x_wconf 88' lang='lat' dir='ltr'>accurrit</span> <span class='ocrx_word' id='word_1_447' title='bbox 838 3231 958 3285; x_wconf 85' lang='lat' dir='ltr'>nuncians</span> <span class='ocrx_word' id='word_1_448' title='bbox 973 3230 1060 3278; x_wconf 90' lang='lat' dir='ltr'>Iovem</span> <span class='ocrx_word' id='word_1_449' title='bbox 1078 3230 1182 3278; x_wconf 91' lang='lat' dir='ltr'>domum</span> <span class='ocrx_word' id='word_1_450' title='bbox 1198 3236 1223 3278; x_wconf 90' lang='lat' dir='ltr'>et</span> <span class='ocrx_word' id='word_1_451' title='bbox 1242 3235 1320 3278; x_wconf 92' lang='lat' dir='ltr'>totam</span> 
     </span>
     <span class='ocr_line' id='line_1_72' title="bbox 716 3304 1323 3369; baseline -0.003 -14"><span class='ocrx_word' id='word_1_452' title='bbox 716 3308 837 3358; x_wconf 81' lang='lat' dir='ltr'>familiam</span> <span class='ocrx_word' id='word_1_453' title='bbox 856 3307 882 3356; x_wconf 90' lang='lat' dir='ltr'>in</span> <span class='ocrx_word' id='word_1_454' title='bbox 905 3307 1051 3357; x_wconf 89' lang='lat' dir='ltr'>barathrum</span> <span class='ocrx_word' id='word_1_455' title='bbox 1074 3304 1238 3366; x_wconf 71' lang='lat' dir='ltr'>abiecturum,</span> <span class='ocrx_word' id='word_1_456' title='bbox 1262 3305 1323 3369; x_wconf 88' lang='lat' dir='ltr'>quia</span> 
     </span>
     <span class='ocr_line' id='line_1_73' title="bbox 717 3383 1319 3449; baseline -0.007 -15"><span class='ocrx_word' id='word_1_457' title='bbox 717 3391 773 3449; x_wconf 89' lang='lat' dir='ltr'>post</span> <span class='ocrx_word' id='word_1_458' title='bbox 797 3385 877 3434; x_wconf 83' lang='lat' dir='ltr'>visum</span> <span class='ocrx_word' id='word_1_459' title='bbox 904 3385 977 3434; x_wconf 93' lang='lat' dir='ltr'>Pluto</span> <span class='ocrx_word' id='word_1_460' title='bbox 997 3392 1138 3448; x_wconf 89' lang='lat' dir='ltr'>reparatum</span> <span class='ocrx_word' id='word_1_461' title='bbox 1166 3399 1241 3432; x_wconf 90' lang='lat' dir='ltr'>nemo</span> <span class='ocrx_word' id='word_1_462' title='bbox 1268 3383 1319 3431; x_wconf 91' lang='lat' dir='ltr'>iam</span> 
     </span>
     <span class='ocr_line' id='line_1_74' title="bbox 717 3463 1322 3528; baseline -0.003 -15"><span class='ocrx_word' id='word_1_463' title='bbox 717 3465 755 3513; x_wconf 93' lang='lat' dir='ltr'>dis</span> <span class='ocrx_word' id='word_1_464' title='bbox 783 3464 911 3524; x_wconf 89' lang='lat' dir='ltr'>sacrificet,</span> <span class='ocrx_word' id='word_1_465' title='bbox 943 3463 1119 3528; x_wconf 75' lang='lat'>1079-11183</span> <span class='ocrx_word' id='word_1_466' title='bbox 1147 3463 1195 3511; x_wconf 91' lang='lat' dir='ltr'>sibi</span> <span class='ocrx_word' id='word_1_467' title='bbox 1221 3478 1322 3526; x_wconf 89' lang='lat' dir='ltr'>quoque</span> 
     </span>
     <span class='ocr_line' id='line_1_75' title="bbox 717 3536 1323 3607; baseline -0.007 -15"><span class='ocrx_word' id='word_1_468' title='bbox 717 3543 871 3607; x_wconf 88' lang='lat' dir='ltr'>pereundum</span> <span class='ocrx_word' id='word_1_469' title='bbox 883 3558 943 3601; x_wconf 88' lang='lat' dir='ltr'>esse,</span> <span class='ocrx_word' id='word_1_470' title='bbox 958 3543 1005 3590; x_wconf 91' lang='lat' dir='ltr'>nisi</span> <span class='ocrx_word' id='word_1_471' title='bbox 1018 3536 1093 3590; x_wconf 84' lang='lat' dir='ltr'>Cario</span> <span class='ocrx_word' id='word_1_472' title='bbox 1112 3541 1195 3591; x_wconf 92' lang='lat' dir='ltr'>cibum</span> <span class='ocrx_word' id='word_1_473' title='bbox 1212 3540 1272 3598; x_wconf 60' lang='lat' dir='ltr'>det„</span> <span class='ocrx_word' id='word_1_474' title='bbox 1282 3542 1323 3593; x_wconf 88' lang='lat' dir='ltr'>cni</span> 
     </span>
     <span class='ocr_line' id='line_1_76' title="bbox 716 3622 1321 3680; baseline 0 -9"><span class='ocrx_word' id='word_1_475' title='bbox 716 3639 761 3671; x_wconf 87' lang='lat' dir='ltr'>sua</span> <span class='ocrx_word' id='word_1_476' title='bbox 773 3630 810 3671; x_wconf 93' lang='lat' dir='ltr'>tot</span> <span class='ocrx_word' id='word_1_477' title='bbox 820 3622 956 3671; x_wconf 88' lang='lat' dir='ltr'>ministeria</span> <span class='ocrx_word' id='word_1_478' title='bbox 965 3622 1052 3680; x_wconf 81' lang='lat' dir='ltr'>offert3</span> <span class='ocrx_word' id='word_1_479' title='bbox 1070 3629 1095 3669; x_wconf 86' lang='lat' dir='ltr'>at</span> <span class='ocrx_word' id='word_1_480' title='bbox 1107 3637 1143 3679; x_wconf 86' lang='lat' dir='ltr'>ea,</span> <span class='ocrx_word' id='word_1_481' title='bbox 1159 3625 1209 3669; x_wconf 89' lang='lat' dir='ltr'>iam</span> <span class='ocrx_word' id='word_1_482' title='bbox 1221 3629 1321 3671; x_wconf 88' lang='lat' dir='ltr'>acutum</span> 
     </span>
     <span class='ocr_line' id='line_1_77' title="bbox 716 3698 1321 3757; baseline -0.008 -8"><span class='ocrx_word' id='word_1_483' title='bbox 716 3707 832 3749; x_wconf 87' lang='lat' dir='ltr'>cernente</span> <span class='ocrx_word' id='word_1_484' title='bbox 845 3700 926 3757; x_wconf 91' lang='lat' dir='ltr'>Pluto,</span> <span class='ocrx_word' id='word_1_485' title='bbox 941 3698 1039 3746; x_wconf 90' lang='lat' dir='ltr'>inutilia</span> <span class='ocrx_word' id='word_1_486' title='bbox 1050 3713 1103 3746; x_wconf 92' lang='lat' dir='ltr'>esse</span> <span class='ocrx_word' id='word_1_487' title='bbox 1121 3698 1207 3745; x_wconf 89' lang='lat' dir='ltr'>omnia</span> <span class='ocrx_word' id='word_1_488' title='bbox 1218 3698 1321 3745; x_wconf 87' lang='lat' dir='ltr'>demon·</span> 
     </span>
     <span class='ocr_line' id='line_1_78' title="bbox 716 3773 1321 3836; baseline -0.012 -11"><span class='ocrx_word' id='word_1_489' title='bbox 716 3785 777 3827; x_wconf 88' lang='lat' dir='ltr'>strat</span> <span class='ocrx_word' id='word_1_490' title='bbox 790 3777 874 3836; x_wconf 83' lang='lat' dir='ltr'>Cario,</span> <span class='ocrx_word' id='word_1_491' title='bbox 886 3778 933 3823; x_wconf 91' lang='lat' dir='ltr'>nisi</span> <span class='ocrx_word' id='word_1_492' title='bbox 947 3775 1011 3822; x_wconf 91' lang='lat' dir='ltr'>sorte</span> <span class='ocrx_word' id='word_1_493' title='bbox 1027 3776 1190 3822; x_wconf 88' lang='lat' dir='ltr'>certaminum</span> <span class='ocrx_word' id='word_1_494' title='bbox 1202 3773 1321 3821; x_wconf 86' lang='lat' dir='ltr'>festorum</span> 
     </span>
     <span class='ocr_line' id='line_1_79' title="bbox 717 3850 1321 3919; baseline -0.012 -15"><span class='ocrx_word' id='word_1_495' title='bbox 717 3854 875 3919; x_wconf 83' lang='lat' dir='ltr'>praesidium,</span> <span class='ocrx_word' id='word_1_496' title='bbox 890 3853 963 3902; x_wconf 93' lang='lat' dir='ltr'>Pluto</span> <span class='ocrx_word' id='word_1_497' title='bbox 975 3850 1245 3900; x_wconf 88' lang='lat' dir='ltr'>convenientissimum.</span> <span class='ocrx_word' id='word_1_498' title='bbox 1281 3850 1321 3898; x_wconf 85' lang='lat' dir='ltr'>Ita</span> 
     </span>
     <span class='ocr_line' id='line_1_80' title="bbox 716 3928 1321 3996; baseline -0.017 -13"><span class='ocrx_word' id='word_1_499' title='bbox 716 3940 840 3996; x_wconf 69' lang='lat' dir='ltr'>acceptus</span> <span class='ocrx_word' id='word_1_500' title='bbox 861 3938 917 3980; x_wconf 89' lang='lat' dir='ltr'>exta</span> <span class='ocrx_word' id='word_1_501' title='bbox 926 3930 1036 3980; x_wconf 89' lang='lat' dir='ltr'>lavatum</span> <span class='ocrx_word' id='word_1_502' title='bbox 1045 3928 1152 3977; x_wconf 90' lang='lat' dir='ltr'>mittitur</span> <span class='ocrx_word' id='word_1_503' title='bbox 1163 3928 1195 3976; x_wconf 89' lang='lat' dir='ltr'>ad</span> <span class='ocrx_word' id='word_1_504' title='bbox 1207 3934 1321 3989; x_wconf 88' lang='lat' dir='ltr'>puteum,</span> 
     </span>
     <span class='ocr_line' id='line_1_81' title="bbox 720 4021 881 4075; baseline -0.012 -17"><span class='ocrx_word' id='word_1_505' title='bbox 720 4021 881 4075; x_wconf 79' lang='lat'>1119-1170</span> 
     </span>
    </p>
   </div>
   <div class='ocr_carea' id='block_1_10' title="bbox 78 4081 1323 4538">
    <p class='ocr_par' dir='ltr' id='par_1_11' title="bbox 78 4081 1323 4538">
     <span class='ocr_line' id='line_1_82' title="bbox 78 4081 1321 4152; baseline -0.007 -12"><span class='ocrx_word' id='word_1_506' title='bbox 78 4084 131 4149; x_wconf 68' lang='grc'>416,</span> <span class='ocrx_word' id='word_1_507' title='bbox 149 4089 210 4148; x_wconf 79' lang='lat'>7183</span> <span class='ocrx_word' id='word_1_508' title='bbox 227 4085 355 4135; x_wconf 63' lang='lat' dir='ltr'>tiitmtl&#39;</span> <span class='ocrx_word' id='word_1_509' title='bbox 367 4086 457 4147; x_wconf 74' lang='grc' dir='ltr'>Ἐρμῆ</span> <span class='ocrx_word' id='word_1_510' title='bbox 476 4085 532 4135; x_wconf 81' lang='lat' dir='ltr'>Pac.</span> <span class='ocrx_word' id='word_1_511' title='bbox 546 4085 600 4145; x_wconf 79' lang='lat'>385,</span> <span class='ocrx_word' id='word_1_512' title='bbox 614 4081 669 4144; x_wconf 75' lang='lat'>648,</span> <span class='ocrx_word' id='word_1_513' title='bbox 762 4084 912 4152; x_wconf 69' lang='grc' dir='ltr'>Ἐρμίδιονε</span> <span class='ocrx_word' id='word_1_514' title='bbox 931 4081 1321 4146; x_wconf 72' lang='grc' dir='ltr'>αοἛρμῆςοιιὶιιεάεηιίιιιιιίκιιηι</span> 
     </span>
     <span class='ocr_line' id='line_1_83' title="bbox 82 4160 1319 4229; baseline -0.005 -16"><span class='ocrx_word' id='word_1_515' title='bbox 82 4171 139 4222; x_wconf 80' lang='grc'>711;</span> <span class='ocrx_word' id='word_1_516' title='bbox 170 4166 220 4213; x_wconf 77' lang='grc' dir='ltr'>τῶν</span> <span class='ocrx_word' id='word_1_517' title='bbox 248 4165 449 4227; x_wconf 77' lang='grc' dir='ltr'>ἑρμοκοπιδῶν</span> <span class='ocrx_word' id='word_1_518' title='bbox 475 4163 509 4222; x_wconf 81' lang='grc' dir='ltr'>μή</span> <span class='ocrx_word' id='word_1_519' title='bbox 537 4179 572 4211; x_wconf 79' lang='grc' dir='ltr'>τις</span> <span class='ocrx_word' id='word_1_520' title='bbox 600 4162 674 4220; x_wconf 72' lang='grc' dir='ltr'>ὑμᾶς</span> <span class='ocrx_word' id='word_1_521' title='bbox 717 4172 762 4224; x_wconf 91' lang='lat' dir='ltr'>est,</span> <span class='ocrx_word' id='word_1_522' title='bbox 776 4163 1091 4229; x_wconf 89' lang='lat' dir='ltr'>antepenultimalongaut</span> <span class='ocrx_word' id='word_1_523' title='bbox 1100 4161 1124 4208; x_wconf 90' lang='lat' dir='ltr'>in</span> <span class='ocrx_word' id='word_1_524' title='bbox 1137 4160 1319 4221; x_wconf 77' lang='grc' dir='ltr'>δικαστηρίδιον,</span> 
     </span>
     <span class='ocr_line' id='line_1_84' title="bbox 79 4237 1323 4306; baseline -0.002 -20"><span class='ocrx_word' id='word_1_525' title='bbox 79 4239 180 4302; x_wconf 71' lang='grc' dir='ltr'>ὄψεται</span> <span class='ocrx_word' id='word_1_526' title='bbox 200 4243 257 4306; x_wconf 85' lang='lat' dir='ltr'>Lys.</span> <span class='ocrx_word' id='word_1_527' title='bbox 283 4256 345 4305; x_wconf 84' lang='lat'>1094</span> <span class='ocrx_word' id='word_1_528' title='bbox 365 4241 406 4302; x_wconf 87' lang='lat' dir='ltr'>(sc</span> <span class='ocrx_word' id='word_1_529' title='bbox 427 4240 516 4288; x_wconf 91' lang='lat' dir='ltr'>chorus</span> <span class='ocrx_word' id='word_1_530' title='bbox 538 4247 623 4288; x_wconf 91' lang='lat' dir='ltr'>monet</span> <span class='ocrx_word' id='word_1_531' title='bbox 647 4247 672 4287; x_wconf 91' lang='lat' dir='ltr'>ut</span> <span class='ocrx_word' id='word_1_532' title='bbox 717 4243 860 4304; x_wconf 75' lang='grc' dir='ltr'>ἀργυριδιον,</span> <span class='ocrx_word' id='word_1_533' title='bbox 873 4242 1015 4294; x_wconf 74' lang='grc' dir='ltr'>Βοιωτίδιον,</span> <span class='ocrx_word' id='word_1_534' title='bbox 1031 4237 1192 4286; x_wconf 64' lang='lat' dir='ltr'>temnuntur:</span> <span class='ocrx_word' id='word_1_535' title='bbox 1205 4237 1323 4294; x_wconf 75' lang='grc' dir='ltr'>λίσσομαί</span> 
     </span>
     <span class='ocr_line' id='line_1_85' title="bbox 79 4310 1323 4383; baseline -0.002 -20"><span class='ocrx_word' id='word_1_536' title='bbox 79 4316 122 4365; x_wconf 90' lang='lat' dir='ltr'>sihi</span> <span class='ocrx_word' id='word_1_537' title='bbox 130 4329 231 4369; x_wconf 90' lang='lat' dir='ltr'>caveant</span> <span class='ocrx_word' id='word_1_538' title='bbox 243 4335 275 4368; x_wconf 89' lang='lat' dir='ltr'>ne</span> <span class='ocrx_word' id='word_1_539' title='bbox 284 4335 330 4383; x_wconf 92' lang='lat' dir='ltr'>pro</span> <span class='ocrx_word' id='word_1_540' title='bbox 342 4318 488 4367; x_wconf 90' lang='lat' dir='ltr'>Mercurii</span> <span class='ocrx_word' id='word_1_541' title='bbox 499 4318 586 4366; x_wconf 88' lang='lat' dir='ltr'>statuis</span> <span class='ocrx_word' id='word_1_542' title='bbox 594 4317 674 4366; x_wconf 86' lang='lat' dir='ltr'>habiti</span> <span class='ocrx_word' id='word_1_543' title='bbox 716 4316 737 4366; x_wconf 85' lang='grc' dir='ltr'>α’</span> <span class='ocrx_word' id='word_1_544' title='bbox 745 4319 868 4380; x_wconf 80' lang='grc' dir='ltr'>Ὧρμὶδιον</span> <span class='ocrx_word' id='word_1_545' title='bbox 874 4319 929 4366; x_wconf 88' lang='lat' dir='ltr'>Pac.</span> <span class='ocrx_word' id='word_1_546' title='bbox 936 4318 989 4376; x_wconf 76' lang='lat'>382,</span> <span class='ocrx_word' id='word_1_547' title='bbox 995 4315 1054 4363; x_wconf 91' lang='lat' dir='ltr'>ibid.</span> <span class='ocrx_word' id='word_1_548' title='bbox 1063 4328 1109 4376; x_wconf 79' lang='lat'>922</span> <span class='ocrx_word' id='word_1_549' title='bbox 1117 4315 1148 4375; x_wconf 85' lang='lat' dir='ltr'>(v.</span> <span class='ocrx_word' id='word_1_550' title='bbox 1154 4310 1323 4379; x_wconf 57' lang='lat' dir='ltr'>anfsspprie)</span> 
     </span>
     <span class='ocr_line' id='line_1_86' title="bbox 79 4391 1323 4462; baseline -0.001 -22"><span class='ocrx_word' id='word_1_551' title='bbox 79 4394 153 4445; x_wconf 88' lang='lat' dir='ltr'>simile</span> <span class='ocrx_word' id='word_1_552' title='bbox 164 4399 284 4462; x_wconf 89' lang='lat' dir='ltr'>quiddam</span> <span class='ocrx_word' id='word_1_553' title='bbox 296 4399 429 4462; x_wconf 89' lang='lat' dir='ltr'>patiantur,</span> <span class='ocrx_word' id='word_1_554' title='bbox 440 4406 516 4462; x_wconf 89' lang='lat' dir='ltr'>atque</span> <span class='ocrx_word' id='word_1_555' title='bbox 527 4396 584 4445; x_wconf 90' lang='lat' dir='ltr'>illae</span> <span class='ocrx_word' id='word_1_556' title='bbox 595 4392 674 4459; x_wconf 86' lang='lat' dir='ltr'>nup‘er</span> <span class='ocrx_word' id='word_1_557' title='bbox 760 4394 928 4460; x_wconf 73' lang='grc' dir='ltr'>’Έρμιπποςι</span> <span class='ocrx_word' id='word_1_558' title='bbox 957 4391 1178 4455; x_wconf 88' lang='lat' dir='ltr'>Teleclidepaullo</span> <span class='ocrx_word' id='word_1_559' title='bbox 1185 4392 1267 4441; x_wconf 91' lang='lat' dir='ltr'>iunior</span> <span class='ocrx_word' id='word_1_560' title='bbox 1278 4392 1323 4441; x_wconf 90' lang='lat' dir='ltr'>sed</span> 
     </span>
     <span class='ocr_line' id='line_1_87' title="bbox 80 4469 1323 4538; baseline -0.002 -19"><span class='ocrx_word' id='word_1_561' title='bbox 80 4481 131 4522; x_wconf 89' lang='lat' dir='ltr'>sunt</span> <span class='ocrx_word' id='word_1_562' title='bbox 143 4477 248 4538; x_wconf 81' lang='lat' dir='ltr'>passae).</span> <span class='ocrx_word' id='word_1_563' title='bbox 274 4475 673 4525; x_wconf 75' lang='lat' dir='ltr'>InPnreMercuriussolusin</span> <span class='ocrx_word' id='word_1_564' title='bbox 718 4475 842 4538; x_wconf 92' lang='lat' dir='ltr'>Eupolide</span> <span class='ocrx_word' id='word_1_565' title='bbox 859 4482 883 4523; x_wconf 86' lang='lat' dir='ltr'>et</span> <span class='ocrx_word' id='word_1_566' title='bbox 905 4470 1072 4533; x_wconf 85' lang='lat' dir='ltr'>Aristophane</span> <span class='ocrx_word' id='word_1_567' title='bbox 1096 4469 1164 4533; x_wconf 91' lang='lat' dir='ltr'>prior</span> <span class='ocrx_word' id='word_1_568' title='bbox 1181 4469 1227 4517; x_wconf 82' lang='lat' dir='ltr'>fuit</span> <span class='ocrx_word' id='word_1_569' title='bbox 1248 4469 1323 4516; x_wconf 88' lang='lat' dir='ltr'>Her·</span> 
     </span>
    </p>
   </div>
   <div class='ocr_carea' id='block_1_11' title="bbox 673 4568 1220 4637">
    <p class='ocr_par' dir='ltr' id='par_1_12' title="bbox 673 4568 1220 4637">
     <span class='ocr_line' id='line_1_88' title="bbox 673 4568 1220 4637; baseline -0.005 -14"><span class='ocrx_word' id='word_1_570' title='bbox 673 4576 725 4624; x_wconf 75' lang='lat'>(8¹5³</span> <span class='ocrx_word' id='word_1_571' title='bbox 1187 4568 1220 4637; x_wconf 84' lang='lat'>65</span> 
     </span>
    </p>
   </div>
   <div class='ocr_carea' id='block_1_12' title="bbox 0 0 1642 5268">
    <p class='ocr_par' dir='ltr' id='par_1_13' title="bbox 0 0 1642 5268">
     <span class='ocr_line' id='line_1_89' title="bbox 0 0 1642 5268; baseline 0 0"><span class='ocrx_word' id='word_1_572' title='bbox 0 0 1642 5268; x_wconf 95' lang='lat' dir='ltr'> </span> 
     </span>
    </p>
   </div>
  </div>
 </body>
</html>
