3276 5268
666 458 854 544 Θηρνννέννιν
901 514 907 527 »

128 626 658 694 (Thucyd.v11191,Xenoph.11346).
693 629 736 678 In·
779 630 909 681 Praeterea
928 632 1002 683 amici
1018 633 1212 684 Theramenis
1224 636 1379 700 praetoribus

127 710 218 757 stituto
240 708 316 771 igitur
338 708 453 772 populari
473 707 579 770 imperio
598 706 638 755 Ol.
661 721 702 770 92.
722 720 735 754 a
777 709 884 758 multum
905 710 1043 759 conflarunt
1060 712 1169 761 invidiae
1188 714 1217 773 (ι,
1233 723 1254 774 7,
1268 712 1301 777 8).
1338 714 1378 762 Ex

129 787 344 835 Theramenes
375 786 408 835 de
435 786 531 833 civibus
559 785 610 833 suis
641 787 737 847 optime
777 786 815 836 his
826 796 938 852 apparet,
952 796 1085 852 praetores,
1094 806 1145 838 non
1157 790 1375 850 Theramenem,

129 866 235 913 meritus
244 871 289 924 est,
304 863 417 927 Thucyd.
426 874 480 911 vm
492 874 524 927 97
538 864 577 910 καί
589 863 635 922 οὐχ
646 861 737 920 ἥκιστα
777 865 872 928 populo
888 865 974 914 Attico
984 874 1093 918 mentem
1105 868 1223 930 eripuisse
1238 874 1262 915 et
1279 867 1305 915 in
1320 882 1378 916 eum

129 945 162 1002 δὴ
173 945 216 992 τὸν
227 945 322 1005 πρῶτον
334 942 421 1003 χρόνον
437 941 478 989 έπί
495 957 528 1000 γε
542 942 599 997 ἐμοῦ
614 940 737 999 Ἀθηναῖοι
778 940 860 990 locum
872 958 924 990 rem
937 943 1080 1006 perduxisse
1091 950 1118 991 ut
1130 950 1173 992 aut
1187 944 1234 992 sibi
1250 951 1293 992 aut
1310 944 1383 998 trier-¹

131 1022 260 1080 φαίνονται
273 1016 299 1067 εὖ
311 1020 506 1069 τολιτεύσαντες·
524 1019 610 1081 μετρία
621 1019 670 1079 γὰρ
682 1019 699 1076 ἦ
709 1034 737 1064 τε
778 1018 859 1066 archis
870 1019 965 1068 nullam
977 1019 1010 1068 ob
1022 1020 1122 1084 culpam
1138 1021 1292 1084 pereundum
1307 1029 1377 1071 esset.

131 1099 158 1147 ές
176 1099 231 1146 τοὺς
246 1098 342 1158 ὀλίγους
360 1097 401 1146 καί
415 1098 469 1146 τοὺς
486 1098 591 1146 πολλοὺς
609 1098 737 1156 ξύγηρασις
779 1097 884 1147 Duobus
900 1104 957 1161 post
976 1099 1054 1159 annis,
1076 1115 1133 1148 cum
1155 1099 1292 1163 periculum
1315 1106 1380 1149 esset

132 1175 239 1234 ἐγένετο,
265 1176 305 1223 καί
333 1175 359 1224 ἐκ
386 1176 496 1234 πονηρῶν
517 1176 566 1222 τῶν
588 1175 738 1235 πραγμάτων
778 1189 811 1222 ne
836 1174 1002 1223 Athenienses
1032 1175 1065 1223 ad
1093 1176 1180 1226 incitas
1208 1173 1304 1224 redacii
1333 1176 1380 1225 sub

131 1253 268 1310 γενομένων
279 1254 351 1299 τοῦτο
362 1253 458 1311 πρῶτον
469 1253 585 1313 ἀνήνεγκε
596 1253 641 1310 τὴν
656 1254 738 1300 πολιν·
779 1267 870 1301 corona
881 1252 1001 1312 venirent,
1013 1252 1220 1311 Theramenes,
1233 1256 1276 1317 qui
1283 1253 1380 1316 legatus

132 1331 289 1392 ἐψηφίσαντο
308 1330 334 1378 δὲ
354 1332 394 1377 καί
416 1329 573 1391 Ἀλκιβιάδην
591 1331 631 1378 καί
650 1332 739 1379 ἀλλους
779 1329 811 1377 ad
835 1329 991 1392 Lysandrum
1010 1337 1036 1378 et
1053 1337 1141 1393 postea
1164 1330 1379 1380 Lacedaemonem

131 1406 187 1464 μετ’
217 1409 290 1454 αὐτοῦ
317 1408 431 1455 κατιέναι.
470 1407 528 1455 Hae
548 1414 632 1457 tantae
652 1402 742 1456 laudes*
779 1404 905 1470 protectus
923 1413 954 1455 ut
973 1423 1022 1470 pax
1041 1408 1066 1454 in
1085 1407 1160 1456 tantis
1177 1408 1248 1456 malis
1269 1410 1381 1472 optanda

114 1485 174 1533 ¹vel
192 1485 235 1532 uni
253 1485 435 1534 Therameni
450 1489 566 1549 propriae
585 1493 641 1534 sunt
658 1486 697 1534 vel
715 1485 738 1534 ei
779 1483 921 1532 conveniret
934 1484 1022 1539 effecit,
1041 1500 1098 1532 vere
1115 1485 1257 1533 aestimanti
1276 1486 1379 1536 minime
1407 1536 1413 1541 ,

133 1578 193 1610 cum
205 1562 291 1626 paucis
307 1562 362 1611 aliis
374 1578 531 1621 communem
548 1579 599 1626 quo
616 1564 738 1627 imprimis
779 1559 917 1623 prodidisse
928 1560 973 1608 sed
984 1560 1067 1623 potius
1077 1572 1185 1631 servasse
1196 1560 1302 1624 patriam
1311 1562 1380 1611 vide·

131 1639 737 1702 suffraganterevocatusestAlcibiadestDiodor.
779 1637 846 1686 bitur
868 1637 996 1701 (Xenoph.
1017 1638 1112 1687 Hellen.
1140 1650 1161 1686 11
1186 1653 1199 1686 a
1223 1642 1236 1698 g
1257 1638 1286 1687 16
1302 1640 1377 1704 sqq.).

132 1728 190 1765 xm
205 1716 255 1778 38).
279 1718 345 1765 Tum
357 1721 383 1765 in
394 1717 486 1766 iudicio
498 1718 736 1782 dexpraetoribus,
780 1714 852 1763 Nihil
864 1717 930 1763 enim
945 1729 1029 1762 moror
1046 1716 1090 1779 qui
1104 1715 1179 1778 longe
1198 1715 1270 1764 aliter
1286 1718 1380 1767 iudicat

132 1795 167 1843 ad
175 1795 245 1858 quod
252 1795 447 1857 Aristophanem
457 1796 521 1844 Ran.
533 1812 556 1845 v.
568 1793 615 1859 967
624 1792 739 1859 speciare
781 1793 881 1856 Lysiam
893 1795 919 1840 in
932 1794 1035 1856 Agorat.
1049 1808 1072 1857 9,
1090 1807 1102 1840 a
1120 1800 1145 1842 et
1162 1794 1188 1841 in
1197 1795 1323 1845 Eratosth.
1339 1796 1380 1857 62,

102 1896 109 1903 ¹
133 1871 272 1921 Palmerius
289 1873 379 1921 Exere.
406 1873 469 1921 erit.
492 1889 518 1936 p.
542 1883 588 1934 774
608 1888 645 1936 sq.
664 1872 734 1932 vidit,
783 1887 803 1933 1,
831 1872 950 1936 cupidum
973 1872 1169 1921 Theramenis
1193 1871 1376 1936 insectatorem,

133 1956 178 1998 aut
203 1950 272 1998 nulia
294 1950 482 2013 aut'pertenuis
502 1951 528 1998 in
550 1951 738 1999 Theramene
780 1951 872 2014 quippe
891 1953 933 2014 qui
952 1950 1090 1999 domestico
1107 1951 1209 2000 vulnere
1230 1967 1246 2000 a
1265 1964 1325 2001 xxx
1344 1961 1380 2017 ty·

133 2027 211 2090 culpa
230 2027 337 2076 residere
354 2027 459 2076 videtur.
496 2028 562 2077 Cum
581 2029 646 2076 enim
666 2044 738 2091 prae·
779 2024 1159 2077 rannisidiusTheramenem
1168 2027 1381 2092 potissimamma·

132 2111 202 2152 tores
213 2103 262 2166 ipsi
272 2103 389 2151 hostilem
399 2104 513 2167 persequi
525 2104 629 2153 classem
641 2104 737 2153 institu·
780 2104 861 2153 lorum
888 2120 1000 2154 caussam
1023 2113 1128 2169 putaret.
1171 2107 1239 2155 Nam
1262 2109 1330 2173 quod
1355 2113 1380 2160 in

132 2182 219 2242 issent,
235 2198 292 2230 suos
307 2189 391 2234 autem
414 2183 513 2244 milites,
528 2184 571 2247 qui
589 2184 659 2232 multi
677 2200 737 2233 nau·
780 2195 840 2231 xxx
852 2185 962 2246 tyrannis
974 2199 1066 2233 nomen
1077 2200 1148 2233 suum
1157 2185 1281 2248 professus
1293 2194 1337 2247 est,
1349 2189 1382 2238 ab

133 2259 243 2322 fragium
258 2259 375 2318 fecerant,
393 2276 408 2308 a
431 2260 618 2309 Theramene
634 2261 738 2326 aliisque
780 2261 852 2309 initio
862 2261 966 2310 minime
978 2277 1051 2310 saeva
1062 2264 1172 2325 tyrannis
1184 2264 1228 2312 sed
1243 2263 1310 2313 haud
1322 2281 1382 2315 sane

133 2337 276 2385 trierarehis
304 2340 397 2384 servari
424 2338 571 2387 voluissent:
606 2347 739 2403 utrumque
779 2345 881 2387 cruenta
902 2354 1038 2402 paucorum
1056 2340 1194 2388 dominatio
1216 2343 1381 2406 quadringen-

133 2415 263 2478 inceptum
274 2422 378 2478 propter
387 2422 517 2463 ventorum
536 2416 636 2464 iniurias
651 2417 738 2465 immo·
778 2422 862 2467 torum
889 2416 995 2479 imperio
1023 2416 1149 2466 simillima
1172 2418 1204 2478 (v.
1231 2418 1333 2481 Lysiam
1355 2421 1381 2470 in

133 2493 287 2557 deratasque
294 2500 454 2556 tempestates
463 2493 559 2542 irritum
567 2494 737 2558 fuitXenoph.
780 2494 881 2555 Agorat.
899 2504 936 2554 74,
957 2493 1010 2552 213)
1028 2494 1159 2543 videbatur
1174 2495 1276 2555 institui,
1297 2504 1321 2545 et
1338 2498 1382 2546 ille

133 2571 384 2633 Hell.1729—39).
418 2570 540 2632 Quamvis
551 2571 626 2634 igitur
641 2573 740 2635 utrique
779 2569 817 2617 vir
847 2570 997 2639 optimatum
1019 2571 1146 2633 potentiae
1172 2579 1294 2634 perpetua
1320 2572 1381 2623 favit

133 2648 248 2696 insontes
275 2654 365 2707 essent,
397 2655 523 2710 praetores
555 2655 640 2697 tamen
667 2649 740 2697 vehe·
780 2645 832 2693 vita
853 2662 868 2693 a
890 2646 1005 2709 populari
1028 2662 1114 2695 caussa
1135 2663 1242 2696 aversus.
1277 2650 1310 2698 Et
1332 2650 1381 2700 hoc

133 2724 233 2774 menter
244 2741 274 2774 eo
289 2713 460 2789 peccaverant,
477 2727 546 2790 quod
560 2727 592 2775 de
606 2734 739 2790 tempesta·
780 2722 881 2787 quidem
893 2725 946 2787 ipse
958 2723 1160 2772 Theramenes
1171 2740 1231 2788 prae
1248 2741 1275 2774 se
1291 2727 1337 2775 fert
1354 2729 1381 2776 in

133 2811 189 2853 tum
212 2802 315 2852 saevitia
334 2810 359 2852 et
381 2803 556 2867 naufragorum
577 2804 665 2854 habita
682 2821 741 2855 cura
781 2800 897 2863 Xenoph·
920 2801 1016 2851 Hellen.
1040 2813 1062 2849 ΙΙ
1084 2816 1098 2862 3
1118 2802 1149 2862 48
1168 2807 1208 2866 sq.
1232 2805 1382 2855 assentiente

134 2880 250 2944 publicas
267 2868 300 2928 ad
320 2887 433 2929 senatum
452 2881 624 2945 populumque
646 2882 740 2931 litteras
781 2876 915 2925 Aristotele
936 2878 1061 2926 Plutarchi
1080 2878 1106 2926 in
1117 2880 1193 2927 Μίνω
1213 2894 1234 2928 c
1252 2893 1274 2939 α,
1289 2882 1381 2932 ἔνεστιν

133 2959 218 3008 nullas
230 2958 351 3007 dederant
363 2958 491 3022 (Xenoph.
508 2972 525 3007 1.
541 2971 562 3020 γ’,
585 2960 632 3019 17),
654 2961 740 3010 amicis
780 2951 822 3005 οὖν
841 2958 895 3017 περί
915 2957 1000 3004 Νικίου
1014 2956 1110 3019 πρῶτον
1127 2959 1208 3018 είτεΐν,
1228 2959 1382 3022 ίγέγραφεν

133 3052 196 3084 vero
213 3035 264 3084 suis
275 3036 391 3099 privatim
407 3037 562 3099 scripserant,
584 3037 740 3086 Therame-
777 3032 958 3096 Ἀριστοτέλης,
976 3032 1015 3082 ο”τι
1038 3037 1101 3096 τρεῖς
1123 3036 1233 3097 ἐγένοντο
1254 3039 1383 3099 βέλτιστοι

134 3129 202 3162 nem
221 3113 333 3176 aliosque
355 3114 477 3177 imperata
496 3129 547 3161 non
565 3114 739 3175 fecissetibid.
778 3111 829 3159 τῶν
847 3112 956 3159 πολιτῶν
974 3112 1013 3159 κιιί
1033 3113 1152 3173 πατρικὴν
1172 3114 1269 3174 ἔχοντες
1291 3117 1382 3165 εὔνοιαν

135 3202 183 3251 17,
199 3188 263 3250 3—6
278 3190 308 3239 cl.
328 3202 350 3238 11
367 3205 388 3252 η,
409 3189 458 3251 35).
495 3192 584 3254 Itaque
602 3192 740 3241 Athenien·
781 3190 821 3259 καί
838 3189 922 3249 φιλίαν
939 3190 999 3250 πρὸς
1017 3191 1059 3237 τὸν
1078 3191 1158 3250 δῆμον,
1170 3191 1256 3240 Νικίας
1275 3192 1288 3242 ό
1307 3194 1380 3254 Νικη-

133 3285 181 3328 ses,
194 3268 238 3331 qui
250 3275 275 3316 et
285 3268 383 3316 hostilis
393 3268 478 3317 classis
490 3270 739 3333 partememanibus
780 3268 855 3329 ριίτοιι
867 3268 906 3315 καί
915 3267 1059 3326 Θουκυκίδης
1074 3267 1087 3315 ὁ
1101 3268 1229 3327 Μελησίου
1240 3272 1382 3333 καίΘηρα·
1454 3313 1456 3317 ‚
1539 3274 1541 3277 ’

134 3346 254 3395 amissam
269 3362 321 3394 esse
341 3353 366 3395 et
383 3362 441 3395 suos
460 3346 594 3410 naufragos
611 3347 683 3396 foede
698 3349 741 3397 de·
781 3346 867 3404 μένης
879 3345 892 3392 ὁ
904 3344 1033 3406 Ἀγνωνος,
1047 3343 1121 3404 ἦττον
1135 3346 1161 3394 δέ
1175 3344 1245 3396 οὗτος
1260 3347 1276 3407 ἢ
1289 3350 1382 3399 έκεῖνοι·

133 3432 214 3474 sertos
237 3426 330 3486 perisse
347 3427 445 3482 scirent,
471 3430 644 3488 tempestatem
666 3426 741 3489 plane
781 3424 820 3471 καί
842 3423 892 3482 γὰρ
914 3423 945 3470 είς
968 3423 1107 3483 δυσγένειαν
1128 3423 1159 3472 ὡς
1183 3426 1247 3483 ξένος
1274 3426 1301 3474 ἐκ
1325 3427 1382 3477 Κέω
1455 3448 1458 3459 ¹

133 3502 268 3561 nescirent,
282 3502 340 3550 odio
353 3509 378 3550 et
389 3503 426 3550 ira
442 3503 569 3553 occaecati
585 3503 648 3551 illud
663 3519 741 3552 unum
780 3499 952 3560 λελοιδόρηται
975 3501 1015 3547 καί
1035 3502 1074 3549 διὰ
1093 3502 1122 3549 τὸ
1143 3502 1178 3560 μὴ
1196 3502 1294 3561 μόνιμον
1316 3505 1383 3555 ἀλλὰ

133 3579 317 3643 quaesivemnt,
350 3578 383 3628 de
410 3579 472 3628 utris
502 3580 690 3644 praetoribusne
709 3597 741 3629 an
780 3577 969 3638 ἐπαμφοτερίζον
987 3577 1024 3623 ἀεὶ
1043 3578 1076 3638 τῇ
1093 3579 1231 3639 προαιρέσει
1249 3582 1293 3639 τῆς
1311 3585 1381 3631 πολι-

134 3656 278 3706 trierarchis
306 3657 398 3705 iustum
425 3665 551 3707 sumerent
583 3658 740 3722 supplicium.
780 3653 1144 3711 πείοςέπεκλήθηΚόθορνος.
1180 3656 1281 3716 Quanta
1297 3667 1381 3708 autem

136 3734 179 3782 Ab
203 3733 276 3782 initio
296 3734 392 3783 animus
413 3742 466 3783 erat
483 3737 509 3783 in
528 3735 740 3785 Theramenem
779 3730 952 3780 benevolentia
970 3744 1054 3777 amore
1072 3730 1195 3778 desiderio
1217 3733 1382 3784 Athenienses

134 3811 296 3875 potissimum
313 3810 475 3860 trierarchum
488 3813 589 3861 saevire.
625 3812 676 3860 Hic
688 3819 741 3859 tum
780 3823 837 3856 eum
849 3807 888 3854 vel
905 3812 1030 3854 mortuum
1047 3808 1170 3869 prosecuti
1186 3808 1244 3867 sint,
1260 3811 1382 3873 imprimis

134 3889 339 3938 Theramenes
351 3896 494 3953 praetorum
506 3890 646 3941 temeritate
662 3889 688 3936 in
705 3888 740 3936 vi·
781 3884 884 3948 eLysia
904 3883 930 3930 in
941 3884 1070 3931 Eratosth.
1092 3882 1131 3944 64,
1152 3898 1165 3945 3
1186 3896 1202 3932 Β
1223 3884 1382 3950 intellegitur.

135 3974 176 4015 tae
197 3965 336 4029 periculum
359 3964 482 4015 adductus
506 3974 531 4016 et
554 3966 742 4015 aclandestina
781 3962 898 4025 Triginta
926 3976 985 4009 vero
1013 3968 1174 4023 tyrannorum
1208 3962 1381 4014 crudelitatem

136 4060 224 4093 eorum
245 4045 402 4094 accusatione
421 4045 555 4095 defendere
573 4045 741 4094 innocentiam
780 4047 876 4089 tantum
887 4038 958 4087 abest
969 4045 996 4087 ut
1015 4037 1163 4086 ullomodo
1185 4039 1334 4102 probaverit,
1355 4050 1382 4091 ut

136 4137 209 4171 suam
223 4119 326 4170 coactus
347 4122 391 4182 (ib.
404 4134 425 4170 11
440 4136 453 4182 3
467 4123 516 4184 35),
532 4131 558 4171 et
576 4121 742 4170 Athenienses
781 4118 875 4166 Critiae
890 4116 961 4164 nulla
975 4116 1142 4179 epropinquo
1161 4115 1245 4162 auxilii
1259 4131 1303 4179 spe
1319 4135 1383 4169 unus

136 4199 293 4262 tempestatis
312 4198 495 4248 vehementiam
515 4200 614 4248 edocuit
629 4205 654 4247 et
672 4214 742 4263 prae·
780 4195 912 4243 fortissime
923 4192 1038 4242 restiterit
1050 4198 1124 4254 atque
1135 4197 1215 4243 morte
1226 4191 1292 4241 ultro
1303 4210 1383 4257 paene

137 4284 204 4326 tores
215 4276 325 4325 vicissim
336 4277 372 4324 ita
382 4279 513 4335 accusavit,
528 4285 556 4326 ut
571 4277 610 4325 his
626 4292 678 4324 non
694 4274 743 4324 sibi
780 4273 863 4321 dicam
886 4272 997 4336 quaesita
1024 4269 1109 4318 testari
1136 4267 1249 4327 voluerit,
1278 4281 1383 4335 quanto·

135 4356 265 4419 utriusque
290 4353 350 4403 fodit
373 4358 495 4405 rationem
515 4355 668 4405 reddendam
689 4365 743 4403 esse
780 4366 840 4413 pere
866 4356 1027 4412 tyrannorum
1061 4345 1191 4394 saevitiam
1226 4346 1384 4401 abominatus

137 4432 238 4491 diceret,
266 4430 288 4493 (1
312 4443 324 4493 7
345 4432 357 4491 ἕ
375 4451 398 4494 4,
417 4434 429 4492 ξ
447 4434 504 4492 18§
525 4448 563 4496 ης,
587 4444 608 4480 11
627 4447 641 4494 3
660 4434 673 4492 ξ
691 4431 738 4494 32).
781 4433 852 4476 esset.
882 4426 1032 4474 Desinemus
1047 4423 1122 4487 igitur
1135 4423 1226 4504 mirari,
1239 4427 1307 4488 quod
1318 4443 1386 4478 mor«

738 4528 793 4580 (835)
