3262 5254
646 416 1183 509 Ξενοφάντης--Ὀλοφύξιοι

296 593 369 645 Haec
379 590 650 644 omniaescholiastae
660 592 803 643 narratione
821 592 896 642 efficit
937 593 981 643 bat
1016 594 1165 658 Oedipum
1192 594 1329 659 numquam
1357 594 1462 643 desiisse
1485 594 1543 643 'esse

295 673 445 723 Fritzschius
467 674 500 722 ad
527 673 575 721 Th.
605 669 658 732 160.
696 671 767 720 Salse
789 672 895 721 eundem
937 672 1103 720 miserrimum
1122 671 1162 720 vel
1180 677 1314 734 antequam
1332 678 1494 729 nasceretur3
1519 673 1542 720 ἐς

259 752 262 759 ’
294 751 358 801 ridet
370 752 447 816 Vesp.
465 764 535 813 1510,
548 751 592 800 ubi
608 751 644 799 ita
658 750 801 813 depingitur
817 749 830 798 ἀ
844 766 895 796 τιν·
939 750 1041 799 Οἰδίπου
1052 750 1078 798 δὲ
1093 750 1164 797 παΐδε
1178 750 1289 809 διπτύχω
1304 749 1365 811 κύρω
1377 744 1455 809 'Apus
1472 749 1541 796 κατέ·

294 830 394 890 νοτήρης
406 828 474 877 οδτάς
485 831 539 877 ἐστι
550 828 594 876 ποθ
609 828 699 889 γένους,
715 826 897 887 δσμικράτοτος
938 830 1019 889 σκηφε
1042 826 1169 875 Phoeniss.
1193 826 1222 874 ir.
1249 840 1277 886 13
1306 827 1326 873 εὶ
1353 827 1543 885 καταστήσεσθε

293 907 320 956 δς
338 908 384 965 τὴν
398 906 535 968 τραγῳδίαν
564 906 631 953 ποιεῖ
655 903 697 952 i.e.
720 902 819 953 malus
842 902 896 951 ille
938 906 1025 954 τοῦτον
1041 906 1083 953 τὸν
1099 905 1176 963 νόμον,
1191 905 1297 965 τηνγῆν
1313 903 1413 951 ἀπασαν
1424 903 1542 952 Oleari-

291 984 444 1047 tragicus,
454 984 486 1032 ad
495 998 569 1047 quem
581 982 665 1031 locum
674 981 833 1031 scholiastes:
847 982 895 1029 δια·
939 986 994 1034 δων
1007 986 1145 1044 ἐμπλήσετε
1158 984 1227 1033 Eccl.
1244 996 1314 1045 1041.
1349 985 1390 1032 De
1401 999 1449 1032 usu
1461 983 1544 1047 plura-

291 1059 386 1124 -βάλλει
397 1062 469 1109 αὐτὸν
474 1060 506 1110 ὡς
517 1058 653 1122 ἀδηφάγον
666 1061 896 1121 πιννοτήρης-κάρ·
939 1063 969 1111 lis
981 1062 1077 1112 numeri
1088 1063 1145 1111 vide
1156 1078 1175 1111 s
1183 1078 1208 1110 n.
1221 1059 1354 1125 Λάμαχος

294 1139 365 1187 rude
379 1140 403 1187 rt
421 1140 473 1188 ἐστι
485 1140 597 1197 σύννομον
606 1139 647 1185 καὶ
663 1138 700 1185 ἀεὶ
712 1138 791 1198 ταύτῃ
802 1136 847 1197 (sc.
864 1134 897 1199 τῇ
988 1138 1095 1194 Otrous:
1117 1141 1202 1190 sabula
1223 1141 1366 1204 Euripiden,
1387 1156 1467 1203 quam
1484 1147 1543 1189 ante

295 1211 373 1277 ’πίννηλ
394 1210 581 1278 προσεχόμενον·
604 1216 733 1276 Σοφοκλῆς
752 1211 897 1275 Ἀμφιαράῳ
939 1219 979 1268 Ol.
990 1219 1090 1267 lxxxviii
1101 1233 1115 1280 3
1126 1217 1209 1267 adam
1220 1234 1273 1267 esse
1285 1219 1357 1268 docet
1369 1218 1482 1267 Acharn.
1496 1219 1544 1279 418

293 1290 406 1354 (Nauck.
421 1300 453 1342 tr.
460 1294 500 1356 fr.
510 1308 534 1357 p.
552 1293 614 1354 113).
939 1298 971 1345 τὰ
983 1299 1041 1345 τοΐο
1051 1299 1130 1359 τρύχη
1134 1311 1148 1354 ,·
1156 1295 1208 1355 μιδν
1219 1298 1248 1345 ἐν
1255 1298 1288 1345 οἷς
1299 1297 1402 1345 Οἰνεὺς
1414 1296 1451 1344 ὁδὶ
1464 1296 1477 1345 δ
1489 1298 1543 1345 δύο·

379 1378 526 1432 ἀτιννοτὴρης
542 1379 602 1421 τοῦδε
616 1377 710 1430 μάντιας
722 1378 791 1431 χορός.
926 1391 1030 1432 Ιτιότμος
1052 1377 1149 1436 γεραιὸς
1170 1376 1299 1434 ἠγωνίζετο
1304 1393 1315 1429 ,·
1337 1376 1452 1439 (partes
1475 1390 1543 1423 suas

295 1452 434 1505 Xenoclem
455 1456 588 1520 Sophoclis
610 1457 796 1520 Amphiaraum
819 1454 897 1518 egisse

295 1540 371 1597 atque
387 1534 421 1582 ita
443 1535 522 1597 egisse
540 1541 567 1582 ut
584 1534 650 1582 hunc
669 1534 756 1598 tragici
774 1534 897 1582 senarium

294 1610 386 1674 insigni
409 1611 518 1676 quodam
541 1610 617 1658 modo
640 1618 664 1659 et
685 1626 741 1659 cum
761 1609 897 1659 offensione

295 1690 449 1739 audientium
471 1693 586 1740 recitasse
610 1690 700 1738 conicit
727 1690 794 1738 idem
820 1689 897 1736 Fritz-

295 1768 386 1817 schius.
429 1768 547 1816 Ceterum
570 1776 652 1816 mores
675 1766 824 1815 Xenoclis
846 1782 897 1814 non

295 1846 375 1909 magis
397 1861 473 1910 quam
495 1848 578 1909 poesis
605 1845 777 1908 probabantur
800 1844 897 1893 Aristo-

295 1923 383 1987 phani,
397 1923 457 1972 dicit
469 1923 536 1971 enim
549 1937 606 1970 eum
618 1922 693 1970 κακόν
701 1921 802 1969 Thesm.
820 1933 868 1985 179
889 1956 891 1958 ψ

371 2011 383 2053 ὁ
392 2012 414 2061 δὲ
423 2011 565 2062 Ξενοκλέης
572 2010 602 2053 ὧν
610 2012 674 2055 κοντὸς
682 2011 749 2054 κακῶς
758 2010 821 2053 ποιεῖ.
839 2016 842 2027 ”

296 2089 363 2138 Vide
374 2105 424 2138 sn.
437 2087 573 2155 Kopxluot

297 2188 300 2198 ’
344 2165 524 2231 Ξενοφάντηςι
554 2168 595 2215 τὸν
612 2163 805 2227 Ξενοφάντου
827 2166 896 2214 Nub.

302 2260 348 2307 3¹3
371 2246 425 2294 he.
450 2245 599 2308 Ἱερώνυμον,
626 2245 683 2293 vide
706 2261 756 2294 s.n.
782 2261 807 2308 p.
839 2245 893 2305 840.

295 2322 451 2372 'Promissum
469 2325 493 2372 ei
513 2322 631 2387 capillum
648 2322 742 2380 tribuit,
757 2323 826 2387 quod
843 2330 898 2370 tum

295 2402 372 2450 animi
384 2401 518 2451 effeminati
530 2417 559 2451 ac
570 2401 688 2450 luxuriosi
700 2401 818 2450 indicium
829 2403 897 2450 vide·

295 2479 369 2528 batur
381 2495 547 2543 magnamque
561 2495 617 2528 cum
628 2479 749 2527 centauris
758 2479 897 2528 similitudi·

295 2573 353 2607 nem
370 2565 503 2622 propterea
518 2557 587 2622 quod
597 2565 693 2605 veteres
705 2557 731 2604 in
743 2557 792 2606 hoc
808 2573 897 2620 genere

293 2636 457 2686 animantium
478 2635 614 2699 profundas
637 2634 752 2683 libidines
775 2650 897 2699 cognove-

940 1453 1065 1516 argebati:
1077 1453 1117 1501 cui
1126 1452 1442 1515 Dicaeopolisoithutos
1451 1449 1482 1512 ἦν
1489 1451 1543 1500 ἀλλ’

940 1528 971 1580 ἔτ’
985 1533 1137 1593 ἀθλιωτέρου.
1162 1531 1203 1579 De
1215 1537 1361 1594 argumento
1372 1529 1474 1579 fabulae
1486 1530 1544 1578 vide

941 1608 1091 1672 Apollodor.
1101 1621 1110 1655 1
1121 1607 1143 1657 8.
1153 1606 1176 1668 6,
1189 1606 1284 1671 Hygin.
1296 1607 1345 1656 fab.
1359 1620 1403 1668 17⁵
1415 1625 1421 1655 :
1437 1607 1544 1670 ‘Agrius

940 1686 1086 1734 Parthaonis
1098 1685 1169 1742 filius,
1179 1693 1207 1733 ut
1219 1686 1281 1734 vidit
1293 1685 1429 1734 Oeneum
1442 1686 1544 1734 fratrem

939 1764 1028 1811 orbum
1047 1763 1132 1812 liberis
1149 1761 1251 1824 saelum,
1274 1770 1389 1825 egentem
1406 1779 1485 1826 regno
1503 1779 1544 1811 ex·

939 1841 1002 1904 pulit
1021 1848 1096 1905 atque
1110 1841 1164 1904 ipse
1180 1856 1282 1904 regnum
1299 1840 1423 1904 possedit:
1442 1841 1544 1889 interim

941 1918 1077 1967 Diomedes
1103 1919 1183 1981 Tydei
1206 1919 1271 1967 nnus
1296 1927 1320 1968 et
1344 1918 1476 1982 Deipylen,
1495 1918 1544 1966 Ilio

939 1993 1039 2044 devieto
1057 2003 1084 2045 nt
1101 1997 1194 2045 midirit
1210 2012 1284 2044 avum
1303 2012 1376 2044 suum
1393 2012 1473 2059 regno
1489 1996 1544 2060 pnl-

939 2089 1002 2134 sum,
1022 2075 1135 2139 pervenit
1154 2077 1180 2123 in
1199 2074 1325 2123 Aetoliam
1343 2090 1401 2122 curn
1421 2074 1545 2123 Sthenelo

939 2154 1052 2218 Capanei
1068 2153 1120 2202 filio
1137 2161 1161 2202 et
1180 2153 1254 2202 annis
1272 2153 1400 2201 contendit
1416 2168 1475 2200 cum
1495 2153 1545 2216 Ly-

940 2247 1018 2295 copeo
1037 2231 1109 2294 Agrii
1127 2230 1187 2290 filio,
1209 2246 1259 2293 qno
1279 2226 1411 2278 interfecto
1434 2231 1544 2293 Agrium

942 2309 1075 2372 (egentem)
1096 2324 1109 2356 e
1129 2323 1207 2371 regno
1228 2307 1322 2371 expulit
1342 2314 1418 2370 atque
1439 2308 1545 2357 Oeneo

941 2402 988 2434 avo
1005 2401 1050 2435 suo
1069 2401 1172 2449 regnum
1190 2385 1296 2433 restituit
1318 2375 1441 2448 postque*
1450 2386 1545 2449 Agrius

940 2478 1017 2527 regno
1029 2463 1144 2526 expulsus
1156 2464 1209 2526 ipse
1220 2479 1246 2511 se
1261 2460 1398 2511 interiecit!
1434 2463 1545 2512 Versum

941 2557 971 2590 ex
982 2542 1057 2589 Oeneo
1068 2540 1145 2589 habes
1156 2541 1221 2588 Ran.
1232 2550 1260 2601 72
1269 2540 1312 2588 ubi
1324 2540 1455 2604 Euripidis
1466 2542 1545 2591 verba

940 2619 1026 2668 laudat
1038 2618 1114 2668 schol.

294 2720 359 2763 rant.

775 2736 782 2750 ·
967 2721 1062 2772 (Aion.)
1077 2720 1104 2762 σὺ
1113 2719 1130 2760 δ’
1139 2718 1172 2761 ὧδ’
1180 2718 1255 2772 ἔρημος
1264 2719 1380 2773 ξυμμάχων
1388 2719 1528 2771 α’πόλλυσαιτ

342 2788 474 2846 Emito:
491 2807 583 2841 nomen
596 2791 714 2853 mulieris,
729 2789 777 2840 Th.
794 2789 843 2854 633

967 2784 1041 2837 (oni.)
1076 2782 1099 2826 oi
1112 2785 1158 2835 plu
1170 2782 1216 2837 γάρ
1229 2782 1309 2826 οὐκέτ’
1321 2783 1391 2826 εἰσιν
1403 2784 1429 2826 οἱ
1442 2786 1460 2826 δ’
1473 2785 1546 2848 ὄντες

1376 2849 1466 2891 saxei:

591 2971 612 3020 0
940 2928 1041 2977 Οἰνεύς
1058 2927 1114 2977 ποτ’
1126 2930 1154 2977 ἐκ
1169 2928 1215 2988 γῆς
1226 2929 1377 2988 πολύμετρον
1387 2930 1474 2991 λαβὼν
1485 2930 1544 2978 στά-

940 3023 986 3067 χυν
998 3008 1066 3054 θύων
1082 3006 1195 3067 ἀπαρχάς
1211 3005 1275 3054 Ram.
1295 3006 1355 3067 1238
1370 3021 1402 3054 ex
1414 3003 1545 3072 Euripidis

341 3086 513 3154 Ὀδύμοντοιε
538 3091 639 3151 Spania
659 3091 732 3146 ἔθνος,
761 3088 825 3138 Ach.
852 3101 896 3152 157
940 3086 1112 3148 Meleagrodr.
1127 3071 1175 3145 5'20
1186 3083 1287 3146 Nauck)

296 3167 429 3228 (Thucn.
447 3181 500 3226 101,
519 3179 544 3215 v.
563 3166 587 3225 6,
607 3168 703 3215 Herod.
723 3179 773 3214 vn,
795 3182 815 3216 c.
840 3183 893 3228 111,
989 3163 1129 3227 Οἰάνιχοςε
1149 3163 1226 3211 homo
1244 3163 1441 3226 turpissimarum
1458 3164 1543 3213 libidi-

297 3243 382 3291 Leake
397 3245 478 3292 Graec.
495 3256 528 3291 111
537 3259 561 3306 p.
574 3242 640 3305 465).
660 3241 815 3301 Ὀδομάντων
824 3261 896 3304 στρο·
938 3254 1008 3302 num,
1023 3243 1115 3292 sodalis
1127 3240 1282 3304 Ariphradis,
1299 3241 1345 3304 Eq.
1364 3242 1426 3301 1287

295 3320 336 3368 τάς
355 3320 418 3368 Ach.
436 3317 481 3380 156
500 3334 566 3383 sqq.:
591 3319 617 3367 in
637 3319 783 3384 quaiabula
805 3322 896 3383 produ·
983 3317 1126 3372 Ὅλκςιδεςε
1153 3334 1243 3367 naves
1265 3318 1431 3379 onerariae,
1458 3319 1545 3369 sabula

295 3404 384 3446 cuntur
411 3396 437 3444 in
465 3397 610 3445 concionem
633 3396 750 3459 relegato
769 3399 812 3461 qui
834 3399 896 3448 tales
941 3398 1124 3462 Aristophanis,
1135 3413 1160 3461 p.
1173 3409 1228 3458 740,
1243 3408 1287 3457 741

295 3473 376 3522 socios
393 3475 426 3522 ab
443 3474 543 3534 Sitalce,
563 3476 716 3539 Odrysarum
736 3491 801 3540 rege,
819 3477 896 3541 inipe-
999 3471 1169 3538 Ὀλοφύξιοιτ
1198 3473 1339 3537 Stephanus
1369 3473 1401 3522 de
1428 3474 1543 3533 Urbibus,

297 3553 397 3601 traverit
934 3553 1064 3614 Ὀλύφυξ
1070 3571 1105 3614 ος,
1119 3555 1188 3602 πόλις
1206 3555 1230 3601 ἐν
1242 3551 1327 3614 θρᾴκῃ
1343 3553 1398 3612 περὶ
1409 3555 1452 3601 τάν
1464 3550 1543 3601 'Adur'

340 3627 500 3682 Ὀδυσσεύςτ
508 3629 608 3693 ῥάκεσιν
616 3630 815 3694 κρυφθεὶςιδσπερ
822 3633 895 3681 πολύ
940 3632 1064 3690 δτολύτης
1078 3631 1267 3691 Ὀλοφύξιος;
1285 3629 1397 3677 meminit
1415 3629 1497 3679 Thur„
1514 3643 1544 3678 lv

294 3705 460 3769 μητιςὊδυσ
469 3709 624 3772 aerisVesp.
639 3721 692 3771 351.
711 3709 776 3758 Vide
789 3709 896 3758 Homeri
942 3722 994 3773 109.
1030 3710 1078 3756 Av.
1105 3722 1166 3769 ¹040
1188 3707 1221 3755 ad
1245 3709 1478 3769 φηφισματοτώλου
1500 3708 1542 3757 de·

217 3844 220 3849 Ι
295 3786 385 3850 Odyss.
401 3799 431 3834 111
447 3798 502 3847 245,
518 3786 577 3835 Eur.
594 3787 658 3835 Hec.
672 3801 717 3843 141
732 3788 822 3851 quibus
833 3786 895 3836 locis
938 3787 1150 3846 ετεϊυιυχρῆοθαι
1161 3785 1388 3845 Νεφελοκοκκυγιᾶς
1398 3785 1449 3833 τοῖς
1462 3787 1545 3834 αὐτοῖς

295 3865 383 3913 Ulixes
406 3864 514 3912 mendici
542 3865 624 3928 specie
654 3865 739 3913 hostes
768 3866 895 3929 decepisse
937 3865 1059 3923 μέτροισιν
1071 3864 1182 3925 καθάπερ
1196 3862 1368 3922 Ὀλοφύξιοι
1381 3850 1544 3911 ¹Pithetaerus

294 3942 373 3990 fertur
937 3942 1071 4004 respondet
1087 3942 1118 3989 ού
1133 3941 1159 3988 δέ
1172 3939 1195 4001 γ’
1208 3940 1294 4002 οῖστερ
1310 3938 1435 3997 ὡτοτύξιοι
1455 3941 1544 3999 χρήσει

343 4016 472 4083 Οἴαγροςς
488 4018 583 4077 histrio,
598 4021 641 4081 qui
659 4026 686 4066 ut
705 4025 797 4082 patete
815 4019 892 4083 Vesp.
937 4020 1005 4079 τάχα
1027 4018 1070 4066 ubi
1095 4018 1233 4065 Brunckius
1264 4016 1353 4085 ‘huius
1376 4017 1488 4065 nominis
1510 4018 1542 4065 ad

294 4097 350 4158 580,
362 4097 460 4159 egregie
471 4102 554 4160 partes
565 4096 655 4158 agebat
666 4096 692 4143 in
704 4096 782 4144 Niobe
937 4095 1123 4144 similitudinem
1136 4095 1213 4144 facete
1231 4094 1300 4142 finxit
1309 4083 1431 4142 'Comicus
1447 4095 1543 4158 gentile

342 4171 481 4226 Οἰδίπουςῑ
499 4171 530 4233 ἦν
546 4174 683 4222 Οἰδίπους
700 4175 729 4221 τὸ
745 4174 841 4234 πρῶτον
858 4175 893 4223 εύ-
935 4171 1249 4236 ’οτοτύξιος,1οτῐ10111111
1261 4172 1293 4220 ab
1304 4170 1542 4233 υτῦεὉτδτυξος,

292 4250 382 4308 δαίμων
399 4253 464 4313 ἀνὴρ,
480 4250 523 4299 εἶτ’
545 4250 636 4311 ἐγένετ’
659 4253 726 4300 αθθις
745 4252 895 4302 ἀθλιώτατος
936 4251 1050 4299 alludens
1068 4251 1100 4299 ad
1119 4251 1276 4309 ὀτοτύζειν,
1298 4251 1395 4311 θρηνεῖν.
1435 4250 1542 4299 Pen'nde

292 4327 385 4388 βροτῶν
397 4329 460 4375 Ran.
478 4328 538 4375 1182
550 4345 580 4376 ex
592 4328 742 4392 Euripideac
753 4329 894 4390 Antigonae
936 4335 973 4377 est
985 4344 1014 4378 ac
1025 4328 1045 4377 si
1063 4329 1173 4386 dixisset,
1186 4329 1217 4376 σύ
1228 4329 1254 4376 δέ
1269 4326 1293 4389 γ’
1305 4329 1413 4387 δτοτύξει
1425 4329 1501 4389 τάχα,
1514 4337 1541 4376 111

293 4402 412 4468 prologo:
430 4413 516 4453 contra
532 4401 661 4456 cavillatus
679 4406 818 4471 Aeschylus
835 4422 891 4470 pro·
938 4406 995 4468 Lys.
1008 4419 1057 4467 520
1069 4407 1176 4466 ὀτοτύξει
1187 4423 1224 4454 τοι
1234 4406 1316 4468 μακρά
1325 4406 1371 4465 τὴν
1382 4404 1507 4466 ιιεφολήν’

875 4503 938 4555 «1998)
