3262 5254
532 438 992 521 Φθιώτης-Φιλούλεης

138 607 376 673 cismi3recentioris
384 609 615 672 autemnureatvn
624 610 738 674 (Eupolis
779 610 920 674 Agathonis
942 612 1090 662 sententiam
1117 612 1266 664 indoles'e'x
1293 614 1380 666 habitu

137 705 170 754 ap
198 689 324 738 Athenae.
355 700 385 737 1x
409 698 455 752 397
474 689 510 749 Ε),
541 689 739 750 Φιρσύφαττο
778 696 868 751 poetae
890 693 1007 754 cognosci
1029 698 1119 754 potest.
1153 687 1230 754 Quod
1252 709 1303 757 quo
1323 709 1382 742 con·

139 766 279 826 (Demosth.
291 766 320 813 in
331 766 424 814 Conon:
435 766 458 826 8)
473 774 613 812 FRITzscu.
628 764 660 812 ad
670 765 737 813 Ran.
778 763 865 827 firmet,
898 765 1068 816 Mnesilochus
1097 768 1235 818 deformem
1270 771 1380 835 corporis

138 842 194 904 671.
229 842 261 892 In
276 844 358 892 Ranis
375 842 574 905 Proserpinae
593 841 684 891 ancilla
700 845 737 891 in·
779 839 883 906 figuram
896 844 1028 893 Philocli
1040 845 1221 896 tribuitinTh.
1238 846 1284 896 168

137 924 199 970 vitat
217 921 355 970 Herculem
371 921 473 969 fratrem
489 920 522 968 ad
543 919 623 969 lautas
641 920 736 984 epulas,

138 999 267 1060 503—518

186 1073 319 1140 Φθιόηιι
342 1073 449 1124 Φθιῶτ’
469 1073 589 1136 Ἀχιλλεῦ
611 1073 653 1136 (ex
675 1077 738 1125 Aes·

138 1152 205 1216 chyli
215 1152 425 1216 Myrmidonibus)
438 1153 503 1202 Ran.
522 1151 584 1214 1264

142 1236 144 1242 '
170 1228 342 1294 7<l>rhatulm1=
359 1246 451 1279 nomen
461 1230 590 1291 muliebre,
606 1229 676 1279 Eccl.
689 1245 720 1292 42

186 1304 325 1372 Φιλύψιοςτ
355 1308 392 1358 Pl.
420 1319 464 1370 177
487 1309 627 1370 Φιλέψιος
649 1307 670 1355 δ’
693 1310 739 1369 ούχ

138 1385 207 1434 ἕνεκα
218 1387 261 1434 σού
277 1387 364 1444 μύθους
380 1386 450 1447 λέγει
454 1401 466 1444 ;
482 1385 525 1434 ubi
537 1385 613 1434 schol.
626 1386 698 1445 πένης
708 1383 739 1445 ἦν
783 1410 786 1416 .
881 1370 908 1413 σύ
919 1371 960 1412 '⁰³⁹
973 1369 1056 1413 simu
1069 1371 1173 1423 &mm
1185 1372 1248 1424 λέγω·

804 943 861 990 τοῦτ’
869 942 901 996 ἆρ’
909 943 921 986 ὁ
930 946 1071 998 Φιλοκλέης
1085 945 1174 1000 cimba
1181 946 1210 989 dv
1218 944 1309 1001 οἶσμξριὸς
1317 947 1379 991 ποιεῖ.

781 1034 889 1084 Centum
900 1035 998 1086 fabulas
1015 1038 1112 1099 docuit,
1126 1041 1191 1087 inter
1203 1054 1265 1103 quas
1274 1040 1383 1089 Paridiu-

780 1114 820 1160 nis
831 1113 962 1177 tetralogia
973 1115 1005 1163 de
1016 1131 1066 1178 qua
1078 1115 1162 1165 Schol.
1177 1117 1225 1164 Av.
1240 1118 1300 1165 282:
1313 1116 1383 1167 uiros

780 1188 949 1252 ύΦιλοκλῆς
961 1192 1062 1240 'Erana
1080 1193 1208 1242 ἐσκεύασεν
1223 1194 1248 1241 ἐν
1262 1193 1295 1256 τῇ
1309 1181 1382 1243 ΠονᾸ

781 1268 883 1316 διονίδι
894 1270 1048 1330 τετμαλογὶᾳ,
1064 1267 1092 1318 ού
1104 1269 1120 1329 ἡ
1132 1270 1204 1331 ἀρχή·

136 1464 162 1512 ος
183 1465 267 1512 λαλῶν
288 1462 395 1525 ἱστορίας
414 1465 453 1511 κού
472 1464 558 1522 μύθους
575 1452 615 1511 rel
638 1464 738 1524 παίγνια
780 1460 811 1507 In
822 1466 969 1523 argumento
985 1461 1128 1510 exornando
1145 1477 1333 1526 nonnumquam
1344 1462 1381 1510 in·
1460 1506 1463 1512 .

136 1540 212 1589 οὕτως
235 1541 356 1602 ἐτρέφετο.
391 1539 508 1588 Meminit
530 1539 582 1588 eius
602 1539 734 1589 Demosth.
779 1537 884 1586 feliciter
894 1545 1004 1587 versatus
1016 1545 1060 1598 est,
1073 1539 1099 1587 id
1110 1540 1179 1603 quod
1190 1547 1274 1589 versus
1284 1540 1382 1588 Cratini

134 1634 156 1669 c.
176 1618 280 1667 Timocr.
294 1634 319 1682 p.
336 1628 364 1679 74
369 1632 382 1679 3
394 1619 406 1676 ξ
421 1631 466 1679 134
781 1614 903 1677 <Meinas
919 1617 985 1665 Com.
1000 1618 1084 1666 Graec.
1098 1629 1119 1665 11
1132 1633 1156 1681 p.
1171 1616 1226 1679 σού)
1240 1617 1346 1668 indicat:

135 1691 324 1838 perufrssfigm:
347 1696 396 1746 AV·
419 1693 465 1758 7⁶3
483 1694 526 1743 nbi
547 1701 574 1744 nt
594 1694 737 1759 Peregrinus
854 1714 917 1767 ὅνπερ
930 1716 1072 1767 ariaratus
1085 1717 1122 1758 τὸν
1136 1717 1200 1770 λόγον
1214 1718 1327 1770 διέφθορεν.

186 1849 313 1901 Φίλιννα,
330 1866 422 1900 nomen
433 1850 561 1911 muliebre,
574 1850 643 1899 Nub.
656 1848 704 1912 684
780 1820 838 1882 Quo
856 1820 900 1869 illa
918 1821 1023 1870 mutatio
1042 1814 1125 1870 avium
1147 1825 1262 1886 pertinet,
1282 1824 1308 1870 in
1331 1820 1382 1870 fine

186 1926 337 1982 ,mmm
375 1930 525 1977 mmo„
558 1929 600 1977 τὸν
636 1931 737 1991 Γοργίου
765 1890 945 1947 Ῥοιιιίιονιίιίιζς
961 1899 1080 1958 instituta,
1096 1915 1152 1948 curn
1169 1900 1263 1949 Tereus
1278 1900 1303 1948 in
1318 1915 1384 1963 upu-

134 2006 213 2071 pesp¹
226 2021 281 2069 42¹,
297 2007 353 2056 vide
364 2023 383 2056 s·
394 2022 418 2055 n·
430 2004 550 2071 Γοργίας,
562 2023 588 2071 Ρ,
601 2008 646 2055 301
779 1991 838 2039 pam
850 1976 881 2025 sit
897 1992 1038 2064 conversus,
1051 1977 1146 2026 Procne
1162 1977 1308 2068 hirundinis,
1323 1978 1381 2027 Phi-

185 2081 319 2149 Φιλίστη,
335 2101 427 2134 nomen
438 2085 553 2144 feminae,
566 2084 615 2134 Th.
626 2080 635 2095 ι
645 2081 660 2132 6
779 2052 872 2102 lomela
882 2069 941 2102 vero
953 2054 1070 2103 lusciniae
1079 2054 1184 2123 sormam
1192 2056 1306 2104 induerit.
1325 2056 1382 2105 Nec

185 2160 381 2227 §mmmm
399 2177 490 2212 nomen
500 2163 554 2221 viri,
568 2163 627 2211 Em
640 2173 669 2222 51
779 2131 828 2179 alia
839 2132 928 2180 desunt
946 2132 972 2180 in
983 2132 1073 2197 quibus
1084 2133 1174 2182 vitiosa
1186 2133 1238 2183 eius
1250 2132 1331 2198 poesis
1343 2150 1381 2183 re·

186 2236 343 2304 Φιλοκλέηςι
363 2241 501 2305 Polypithis
516 2240 589 2300 filius,
601 2239 737 2289 Athenien·
778 2208 948 2297 prehendifur'
992 2209 1068 2297 Yelut
1090 2211 1271 2301 Arfsmphffnes
1291 2211 1382 2275 Bdely'

136 2318 179 2378 sis,
194 2319 313 2382 Aeschyli
325 2335 355 2368 ex
366 2335 450 2368 sorore
466 2335 544 2382 nepos
558 2318 636 2382 (cuius
648 2319 738 2367 Morsi·
779 2285 891 2375 elequem
905 2302 930 2374 in
945 2287 1024 2349 Vm
1036 2288 1171 2347 Xanthme’
1185 2305 1228 2353 qm
1240 2305 1380 2353 vespm*

134 2412 192 2444 mus
200 2395 246 2444 iste
255 2395 361 2458 tragicus
370 2410 477 2458 nequam
486 2394 559 2453 filius,
569 2410 647 2457 nepos
654 2401 738 2443 autem
777 2363 857 2427 pelht'
870 2363 929 2412 saca
941 2365 1091 2428 re⁵p⁰¹¹d⁸r²
1102 2382 1125 2415 ν’
1141 2364 1202 2425 ⁴6¹³

134 2474 182 2522 fuit
201 2474 353 2536 Astydamas
375 2471 517 2536 praeclarus
535 2469 623 2520 audior
644 2478 738 2534 tragoe·
778 2472 1355 2529 »ἄλλομιὶΔύούῥᾳδίωςούτωςᾶνούτοὺςδιέφυγεε,

133 2554 208 2615 diae),
233 2557 298 2602 inter
319 2554 456 2602 mediocres
478 2561 565 2615 poetas
587 2552 735 2609 referendus,
801 2535 858 2589 ‘²³²⁹
875 2537 950 2589 ἔτυχον
967 2538 1007 2579 '⁰⁵¹‘
1024 2539 1095 2589 “³³5⁹
1111 2538 1152 2580 *ὧν
1169 2542 1327 2620 Ψιλθξλέους
1343 2545 1378 2593 β’·

133 2648 287 2697 quamquam
312 2632 345 2680 de
375 2631 502 2695 Sophocle
530 2645 587 2678 cum
618 2631 736 2692 Oedipum
1179 2607 1289 2656 mm*

140 2711 289 2773 Tyrannum
316 2709 402 2758 docuit
430 2705 562 2757 victoriam
592 2710 735 2771 reportavit,
775 2710 901 2774 Apposite
919 2709 1074 2760 Scholiasta:
1092 2711 1123 2760 ὡς
1139 2714 1183 2760 τοῦ
1193 2713 1379 2762 Φιλοκλέους

134 2788 203 2836 cuius
214 2787 367 2836 mentionem
378 2793 478 2850 praeter
486 2786 666 2834 Dicaearchum
678 2786 736 2834 secit
776 2788 860 2848 ἀγρίου
871 2788 938 2856 ὄντος
951 2789 976 2836 ἐν
991 2788 1023 2850 τῇ
1037 2789 1173 2850 μελοποιΐᾳ.
1207 2790 1236 2838 '0
1250 2791 1380 2850 Σοφοκλῆς

134 2865 259 2913 Aristides
277 2876 299 2912 11
310 2864 366 2913 adv.
382 2865 481 2912 Platon.
495 2879 519 2926 p.
537 2876 583 2926 334
599 2863 637 2912 ed.
651 2863 733 2922 Iebb.‚
774 2867 823 2926 ’γὰρ
835 2865 897 2926 ἡδύς,
913 2866 948 2913 διὸ
960 2866 1001 2914 καὶ
1011 2867 1116 2924 μέλιττα
1127 2868 1244 2916 ἐκαλεῖτο.
1282 2869 1380 2927 ἔποιξεν

133 2942 285 3006 exprobrans
313 2941 516 2998 Atheniensibus,
539 2941 606 3004 quod
635 2940 735 2988 Philo·
776 2943 984 3000 ούυ,ὠςεὶεῖπεν’
1000 2945 1380 3006 εἴπεμτὴνπικρύονοιύτοῦ

132 3022 210 3070 clem
232 3019 432 3084 praeposuissent
455 3017 583 3081 Sophocli,
608 3034 682 3082 quem
703 3034 736 3067 ne
775 3021 824 3068 καὶ
850 3021 904 3079 τὴν
932 3020 1121 3082 σκληρότητα
1149 3022 1237 3082 εῖχον,
1269 3024 1318 3070 οὐκ
1345 3023 1380 3070 ἂν

133 3097 274 3162 Aeschylus
313 3096 414 3160 quidem
453 3110 568 3157 superare
604 3095 732 3158 potuisset.
774 3099 880 3146 αύτούς
895 3098 1001 3160 ῥᾳδίως
1018 3092 1163 3161 tribueres,
1186 3099 1216 3148 ὡς
1234 3100 1277 3146 τοῦ
1294 3101 1378 3147 Φιλο-

134 3176 212 3241 (Fieri
234 3173 315 3239 potuit
337 3180 365 3222 ut
385 3166 523 3236 Sophocles
545 3171 656 3220 savorem
678 3171 735 3220 ideo
775 3175 874 3224 κλέους
892 3176 958 3225 ὄντος
976 3177 1082 3239 σκληροῦ
1098 3177 1193 3238 σφόδρα
1211 3178 1251 3224 rai
1266 3164 1377 3238 δριμυτά-

132 3253 224 3302 sabulis
244 3267 388 3314 comparare
406 3266 457 3298 non
475 3256 566 3314 posset,
587 3249 654 3314 quod
673 3249 735 3312 regi·
773 3269 824 3301 του,
860 3252 954 3302 Pariter
965 3253 1008 3316 qui
1024 3253 1090 3303 hunc
1102 3254 1178 3302 modo
1185 3253 1287 3312 Ἃλμην,
1300 3253 1376 3302 modo

51 3354 56 3359 ·
90 3332 94 3339 '
131 3346 192 3380 men
222 3330 321 3378 Periclis
349 3328 510 3393 impugnavit,
535 3343 582 3376 nec
609 3326 734 3375 aemulum
772 3329 901 3389 Ἀλμίωνοι,
926 3332 1004 3380 modo
1031 3331 1111 3380 filium
1135 3333 1275 3393 Ἀλμύωυος,
1299 3332 1376 3380 modo

132 3408 216 3457 solum
238 3407 263 3455 in
287 3406 381 3455 Pericle
403 3405 448 3453 sed
469 3407 545 3453 etiarn
564 3404 735 3466 gratiosiorem
774 3408 859 3467 Χολὴν
870 3409 1035 3473 appellarunt,
1050 3426 1096 3459 nec
1107 3409 1377 3459 mollitieminfabulis

132 3486 301 3534 adversarium
317 3484 439 3533 excitavit.
475 3481 599 3531 Welclcer.
619 3481 733 3544 Tragoed.
773 3484 826 3532 eius
853 3485 1007 3546 invenerunt,
1033 3501 1080 3535 nec
1106 3488 1271 3548 teneritatem,
1297 3486 1377 3550 qualis

123 3565 168 3628 fr.
181 3576 191 3611 1
204 3578 228 3626 p.
245 3577 300 3622 250,
316 3574 350 3610 111
362 3577 386 3625 p.
402 3559 460 3624 967)
774 3558 856 3624 vulgo‘
872 3562 898 3609 in
919 3563 1069 3611 carminibus
1091 3566 1203 3626 exigitur.
1240 3563 1324 3612 Schol.
1345 3562 1378 3611 ad

183 3639 242 3689 Oris
269 3642 321 3688 eius
351 3638 495 3687 deformitas
529 3635 630 3685 comicis
658 3637 734 3684 risum
774 3638 824 3687 Av.
843 3655 865 3687 v.
889 3639 943 3686 282.
980 3639 1060 3702 Plagii
1079 3652 1136 3687 eum
1159 3655 1261 3702 arguere
1280 3639 1379 3687 videtur

131 3716 262 3783 praebuit:
286 3733 348 3764 ev.
374 3727 433 3780 1295
459 3715 555 3775 scipulos
577 3712 736 3761 Φιλοκλέει
772 3715 824 3764 Av.
835 3716 883 3764 280
894 3731 951 3765 cum
962 3715 1021 3763 dicit
1033 3731 1151 3780 upupam,
1163 3719 1190 3764 in
1201 3715 1377 3780 quamTereus

91 3834 96 3845 .
131 3792 164 3855 ἦν
174 3795 285 3854 τοῦνομα,
300 3793 343 3842 ubi
355 3809 412 3842 cum
423 3793 513 3841 alauda
524 3793 624 3841 cristata
634 3807 734 3855 compa·
773 3799 910 3864 mutaretur
921 3792 947 3840 in
958 3795 1011 3841 eius
1022 3793 1184 3853 Pandionide,
1199 3808 1273 3841 avum
1285 3792 1377 3840 habere

131 3878 207 3930 ratur,
234 3878 353 3919 strumam
370 3886 427 3919 eum
450 3870 610 3918 Vatinianam
635 3884 735 3917 ornasse
773 3882 885 3934 upupam
906 3887 936 3919 ex
957 3870 1089 3935 Sophoclis
1112 3871 1201 3920 Tereo.
1237 3870 1289 3919 Sed
1310 3876 1378 3918 totus
1466 3919 1468 3923 .

132 3949 225 3999 conicit
237 3949 405 4017 Fritzschius.
423 3946 529 3997 Redtius
540 3948 601 4012 quid
612 3947 644 3996 sit
655 3947 735 4011 aperit
773 3947 843 3996 locus
861 3948 1011 3997 obscuritate
1028 3948 1140 3997 laborat:
1157 3947 1277 3996 Dobraeo
1291 3961 1378 3995 sensus

132 4029 207 4078 nobis
222 4028 382 4092 proverbium
394 4044 434 4091 ap.
450 4028 635 4090 Diogeniauum
646 4038 675 4074 vi
688 4039 735 4087 50:
773 4025 872 4073 videtur
898 4041 970 4075 esse:
1005 4030 1078 4090 ‘ego
1113 4041 1177 4075 sum
1212 4023 1378 4088 Sophoclis

131 4102 196 4168 ’μετὰ
208 4109 313 4157 Μουσῶν
325 4109 455 4171 repulia:
474 4107 735 4155 ἐπὶτῶνάπαιδεύτων
775 4102 879 4167 Epops
900 4105 953 4168 (qui
974 4112 1032 4154 ante
1053 4104 1191 4153 Philoclem
1211 4102 1309 4166 scripsit
1328 4101 1378 4155 Te,-

132 4188 329 4245 ’πεπαιδευμένοις
346 4187 469 4234 συνόντων.
505 4184 556 4234 Cir.
572 4183 735 4233 Leutsch.ad
774 4188 870 4243 reum);
903 4183 989 4231 cuius
1017 4182 1105 4230 filius
1139 4181 1196 4230 suit
1225 4179 1378 4230 Philoclis

131 4263 184 4312 hl.
202 4268 227 4312 et
243 4262 335 4311 Zenob.
352 4272 445 4324 11177:
462 4264 487 4310 ἐν
503 4263 552 4324 γὰρ
567 4262 679 4321 ἀμούσοις
695 4261 736 4307 καὶ
776 4259 893 4323 Epops3
916 4261 1001 4307 cuius
1019 4258 1105 4307 silius
1128 4265 1174 4306 est
1192 4256 1241 4306 hic
1260 4257 1375 4321 Epops,

132 4342 229 4403 κορυδὸς
241 4340 344 4404 (κύκνου)
357 4339 475 4400 φθέγγετ’
486 4340 626 4401 ύοιδότςμος,
661 4337 735 4386 Valc-
776 4336 808 4384 de
819 4352 869 4400 quo
879 4336 1004 4399 loquimur
1011 4354 1019 4396 ;
1035 4352 1096 4399 ergo
1113 4351 1168 4384 sum
1179 4334 1252 4383 huius
1263 4350 1333 4383 avus:
1353 4342 1378 4384 et

131 4418 192 4468 iren.
221 4418 254 4467 ad
282 4418 342 4468 Eur.
373 4418 474 4480 Hiapol.
499 4414 557 4483 986.
591 4416 735 4466 Secundum
774 4413 860 4465 forsan
873 4410 942 4465 redte
955 4429 982 4463 se
997 4412 1074 4462 habet
1087 4412 1194 4476 ruigrca
1215 4414 1237 4469 si
1251 4418 1378 4471 construas

724 4508 780 4563 lass)
