3276 5268
511 448 1014 536 Ἀλέξανδρος--Ἀμύκλαι

134 609 137 615 ’
179 608 373 687 Ἀλέξανδρον
398 613 499 684 κρείττω
514 614 583 685 ’διδρα
599 623 649 671 τῶν
663 619 740 671 ’Ata
788 635 793 640 ·
831 618 971 686 ’Δλῲειόςς
991 620 1082 670 Strabo
1101 633 1155 668 V111
1172 634 1233 684 353:
1251 623 1304 671 ἔστι
1320 623 1346 671 δέ
1360 623 1387 670 έν

136 696 245 764 ξάνδμνυ
256 701 341 761 λαβεῖν
352 701 400 748 Αν.
419 715 480 761 1104
784 704 817 763 ’τῇ
834 702 949 749 Πισάτιδι
964 702 993 749 τδ
1008 701 1070 761 ίερδν
1084 700 1229 764 (Olympia),
1244 702 1386 762 πρόσκειται

183 775 327 841 Ἀλιμοῦςῑ
346 779 418 836 δῆμος
430 780 508 837 φυλῆς
519 777 644 827 Λεοντίδος
655 793 740 826 secun·
783 780 806 829 δ’
820 783 895 829 άλσος
906 780 1058 842 άγριελαίων,
1068 780 1093 827 έν
1104 776 1124 839 ᾤ
1135 780 1163 827 τδ
1174 780 1282 827 στάδιον·
1294 796 1386 841 παραρ·

135 856 200 904 'dum
220 855 350 904 Demosth.
371 868 408 917 57,
427 869 456 902 ιο
470 856 543 904 πέντε
559 857 598 903 καί
612 852 749 922 τριάκονταΙ
784 860 823 921 ρεῖΙ
833 857 880 907 δ’ὁ
895 856 1041 917 Ἀλφειός,
1059 860 1086 905 έκ
1098 859 1141 917 τῆς
1153 856 1281 919 Ἀρκαδίας
1292 858 1352 921 ψέων
1363 859 1387 906 ές

133 931 229 981 ’στάδια
249 933 367 982 aburbe.
399 930 590 997 Ἀλιμουντάδε
607 932 741 982 Alimun·
784 938 830 995 τὴν
838 932 1004 994 Τριφυλιακην
1015 935 1147 982 θάλατταν.
1161 932 1387 994 Ἀλφειόνπνέων
1446 964 1451 977 .
1488 996 1493 1003 μ

138 1020 200 1061 tem
212 1027 296 1060 versus
308 1012 356 1059 Av.
370 1011 419 1074 496
785 1014 867 1075 τρέχει
879 1014 928 1060 Αυ.
944 1025 1014 1071 1121,
1028 1010 1085 1060 h.·e.
1108 1011 1212 1060 anhelus
1231 1014 1302 1075 quasi
1318 1012 1386 1076 apud

184 1085 329 1140 Ἀλκαῖοςε
351 1087 481 1151 legebatur
501 1087 577 1151 vulgo
597 1088 698 1136 Thesm.
717 1104 740 1136 v.

142 1166 187 1215 τόν
208 1182 238 1214 ex
257 1167 434 1230 Aristophanis
454 1167 566 1230 Byzantii
584 1164 739 1215 comedim:

138 1245 197 1293 vide
213 1245 270 1293 adn.
290 1260 324 1293 cr.
341 1245 373 1292 ad
390 1243 406 1292 1.
442 1243 551 1292 Alcaei
568 1244 644 1292 verba
662 1262 741 1306 παρῳ-

140 1323 219 1369 δεΐται
237 1322 285 1368 Αυ.
308 1335 370 1381 1410
387 1321 455 1383 (sunt
471 1329 555 1369 autem
572 1336 586 1370 e
603 1321 631 1369 sr.
653 1335 682 1383 53
699 1322 738 1370 ed.

140 1400 173 1448 A.
189 1399 327 1449 Matthiae:

156 1490 246 1549 όρυιθες
256 1491 318 1539 τίνες
329 1488 383 1550 οίδ’;
396 1489 491 1537 ὠκεάνω
500 1490 551 1551 γάρ
560 1487 611 1538 bird
622 1489 733 1550 περάτων

156 1565 233 1627 ἦλθον
240 1569 374 1616 πανέλοπες
381 1568 742 1628 ποικιλόδειροιτανυσίπτεροι);

139 1661 202 1706 etin
219 1659 310 1722 Vespis
325 1670 386 1717 1234
404 1657 502 1717 (Alcaei
520 1674 604 1706 versus
620 1659 656 1706 ita
666 1658 745 1709 citant

141 1736 219 1784 Gaiss.
235 1736 267 1783 ad
280 1736 461 1799 Hephaestion.
472 1751 497 1798 p.
508 1747 554 1796 275
569 1742 593 1783 et
602 1736 741 1783 Hermann.

140 1814 212 1862 elem.
225 1811 306 1861 doctr.
319 1820 390 1861 metr.
403 1829 428 1876 p.
444 1811 498 1875 363,
514 1821 593 1860 metro
605 1812 701 1860 aeolico
709 1829 716 1871 ;

173 1902 289 1966 ὦνθρωφ’,
301 1902 368 1953 οὗτος
377 1904 532 1962 όμαινόμενος
541 1901 570 1949 τὸ
578 1904 643 1964 μέγα
651 1901 744 1964 κράτος,

140 1972 143 1979 ’
173 1983 298 2044 ἀντρέψεις
307 1975 343 2029 έτι
352 1978 397 2028 τάν
405 1982 486 2028 πόλιν
500 1979 544 2028 ἅδ’
554 1982 639 2040 ἔχεται
650 1980 743 2042 ylaris).

137 2108 141 2123 τ
186 2069 373 2136 Ἀλκιβιάδης,
406 2071 419 2120 b
446 2071 573 2119 Κλεινίους
602 2069 744 2118 Balbutiem

140 2152 194 2203 cius
210 2151 290 2214 carpit
302 2151 378 2212 Vesp.
392 2167 423 2211 44
436 2148 510 2210 (conf.
524 2147 648 2196 Plutarch.
661 2147 743 2212 Alcib.

143 2244 153 2276 1
169 2227 203 2289 τῇ
215 2231 241 2277 δέ
252 2228 322 2289 φωνῇ
340 2229 381 2275 καί
391 2228 436 2286 τὴν
451 2226 642 2289 τραυλότητα
658 2226 744 2288 ἐμπρέ-

141 2309 188 2370 ψαι
199 2308 308 2367 λέγουσι,
322 2306 361 2353 καί
372 2305 408 2365 τῷ
424 2303 495 2364 λάλῳ
506 2304 656 2362 πιθανότητα
668 2320 744 2365 ταρα-

141 2384 212 2444 σχεῖν
228 2381 302 2443 χάριν
319 2384 489 2430 ἐπιτελοῦσαν
511 2383 630 2440 μέμνηται
652 2382 679 2429 δὲ
706 2383 746 2429 καί

139 2459 318 2523 Ἀριστοφάνης
336 2462 409 2507 αὑτοῦ
426 2461 469 2518 τῆς
488 2459 689 2518 τραυλότητος
707 2460 746 2506 καί

37 2592 38 2597 ,
136 2540 278 2601 Ἀρχιπτος
286 2535 328 2585 τόν
338 2536 387 2585 υίόν
397 2533 620 2601 τοῦἈλκιβιάδου
628 2538 746 2585 σκώπτων

145 2611 262 2681 ίβαδίζὲθ
272 2616 334 2679 φησί
344 2617 519 2677 ίδιακεχλιδώς,
531 2615 654 2673 θοίμάτιον
663 2613 744 2663 ἕλκων)

782 1091 938 1154 ¹Alpheum
950 1105 1023 1138 cursu
1038 1096 1149 1148 certaret,
1166 1089 1318 1153 Symmacho
1329 1105 1385 1138 auc·
1462 1150 1468 1161 ι

785 1175 846 1227 ίοτε,
861 1168 917 1215 ὡσεί
935 1167 1082 1225 δλυμπιακδς
1095 1167 1279 1228 σταδιοδρόμος,
1296 1174 1346 1225 aut,
1365 1170 1386 1216 si

786 1245 897 1308 Didymo
908 1244 977 1305 fides,
988 1246 1056 1303 παρὰ
1068 1246 1096 1293 rb
1107 1243 1320 1307 Πινδάρου(Νεια.
1330 1256 1348 1292 1.
1363 1242 1386 1306 ι)

784 1322 919 1388 άμπνενμα
930 1325 1015 1382 σεμνόν
1024 1320 1154 1386 Ἀλφειοῦ

832 1398 988 1464 Ἀμαζόνιος
1012 1402 1066 1450 τούς
1081 1398 1109 1448 Ἀ
1116 1399 1242 1459 μαζόνας
1259 1400 1285 1449 bs
1302 1399 1388 1447 Μίκων

786 1476 875 1539 ἔγραψ’
888 1477 926 1537 ἐφ’
943 1479 1024 1526 ίτπων
1041 1480 1179 1537 μαχομένας
1195 1477 1253 1540 Lys.
1267 1476 1322 1538 678,
1343 1477 1386 1526 ubi

787 1553 872 1601 Schol.
882 1555 980 1612 ποικίλη
988 1555 1050 1602 στοὰ
1057 1553 1188 1613 Ἀθήνησιν
1196 1553 1259 1602 οὕτω
1267 1555 1387 1614 λεγομένη

786 1632 826 1679 διὰ
843 1632 889 1689 τὴν
905 1632 1004 1680 ἐνοῦσαν
1018 1631 1124 1692 γραφήν.
1153 1633 1210 1680 ἔνθα
1225 1633 1356 1692 πεποίηκεν
1373 1633 1387 1680 δ

788 1708 873 1755 Μίκων
884 1709 927 1766 τὴν
937 1705 1099 1766 Ἀμαζόνων
1109 1709 1199 1770 μάχην.
1229 1709 1267 1757 Cs.
1281 1709 1381 1772 Taylor.

787 1786 851 1833 ch‘l.
863 1786 958 1847 Lysiae.
973 1802 998 1848 p.
1012 1783 1060 1833 686

833 1858 988 1925 Ἀμειψίαςς
1006 1862 1116 1925 aequalis
1128 1863 1309 1926 Aristophanis,
1325 1880 1386 1928 quo·

788 1955 844 1987 cum
867 1955 917 1987 non
940 1938 1002 1987 nihil
1025 1942 1048 1988 ei
1070 1941 1201 1989 simultatis
1221 1944 1387 1990 intercessisse

788 2017 939 2080 intellegitur
961 2033 975 2066 e
998 2018 1062 2067 Ran.
1083 2035 1105 2066 v.
1128 2032 1164 2076 τα,
1184 2020 1228 2067 ubi
1247 2019 1387 2068 baiulorum

788 2095 956 2159 similiumque
972 2095 1103 2144 hominum
1122 2094 1231 2145 dicteriis
1248 2104 1273 2146 et
1288 2098 1388 2150 insulsis

788 2172 943 2221 sermonibus
974 2175 1050 2221 risum
1078 2171 1247 2236 spectatorum
1275 2183 1387 2239 captasse

788 2251 884 2298 dicitur.
919 2250 1015 2299 Contra
1030 2251 1210 2314 perhonorifice
1222 2252 1388 2303 Athenienses

788 2330 820 2377 de
832 2329 927 2378 comica
938 2329 990 2378 eius
1002 2332 1092 2378 virtute
1109 2329 1230 2379 iudicasse
1245 2331 1286 2379 vel
1304 2347 1334 2380 eo
1350 2335 1388 2380 in·

788 2407 913 2470 tellegitur
935 2407 1002 2470 quod
1022 2407 1113 2455 Κόννον
1130 2407 1182 2456 eius
1204 2415 1229 2456 et
1248 2394 1389 2468 Κωμαστάς

788 2500 848 2548 prae
864 2484 1064 2547 Aristophanicis
1082 2484 1172 2532 sabulis
1188 2486 1299 2548 praemio
1316 2504 1387 2536 oma-

788 2569 882 2610 verunt.
903 2561 974 2610 Illius
983 2577 1058 2625 quam
1065 2561 1117 2608 dixi
1128 2561 1260 2609 simultatis
1269 2562 1387 2612 indicium

788 2645 899 2702 superest
921 2640 996 2687 etiam
1019 2638 1087 2701 apud
1106 2638 1267 2700 Anonymum
1290 2642 1316 2687 in
1337 2644 1389 2689 vita

175 2709 265 2769 χῶπως
275 2707 386 2766 μάλιστα
397 2706 433 2768 τῷ
444 2708 518 2769 πατρί
530 2705 598 2765 δόἔῑέ
612 2708 722 2769 iubati&
744 2710 747 2717 ⁴
785 2716 964 2780 Aristophanis
983 2731 1009 2779 p.
1030 2726 1109 2762 xxxv
1127 2716 1160 2762 τὰ
1177 2717 1221 2775 μέν
1242 2719 1328 2779 πρῶτα
1350 2720 1389 2767 διὰ

177 2785 396 2846 κλασαυχενεύεταί
407 2801 434 2832 τε
445 2786 485 2833 καί
496 2785 655 2844 τραυλίζεται.

144 2875 211 2924 Vide
221 2875 340 2924 Meineke
349 2874 377 2923 sr.
389 2890 454 2953 com.
466 2886 487 2921 11
497 2889 521 2937 p.
536 2875 601 2935 τοῦ).
623 2874 654 2921 ln
665 2873 748 2921 Ranis

143 2970 167 3003 v.
184 2968 245 3015 1422
260 2954 386 3016 Dionysus
400 2953 546 3016 Euripidem
558 2960 583 3000 et
595 2951 748 3014 Aeschylum

788 2794 978 2852 Καλλιστράτου
990 2794 1030 2841 καί
1045 2793 1174 2841 Φιλωνίδου
1184 2795 1261 2843 καθίει
1276 2796 1388 2856 δράματα

789 2870 998 2935 (Aristophanes),
1011 2871 1046 2918 διδ
1058 2871 1098 2917 καί
1109 2872 1233 2919 ἔσκωπτον
1244 2873 1317 2921 αὐτὸν
1324 2872 1387 2936 Ἀρι·

788 2949 909 3006 στύνυμός
925 2964 954 2995 τε
970 2948 1010 2995 καί
1027 2945 1181 3009 Ἀμειψίας
1199 2950 1298 3011 τετράδι
1316 2953 1389 3000 αὐτὸν

143 3032 280 3095 interrogat
304 3032 358 3092 περί
377 3028 572 3093 Ἀλκιβιάδου
593 3029 637 3078 τίν’
663 3032 749 3092 ἔχετον
788 3028 900 3088 λέγοντες
917 3025 1080 3088 γεγονέναι,
1103 3027 1167 3074 κατὰ
1184 3026 1228 3084 τὴν
1251 3030 1387 3090 παροιμίαν,

75 3167 77 3173 Ι
143 3111 241 3171 γνώμην
250 3106 375 3169 ἑκότερος;
388 3108 482 3166 ἡπόλις
490 3106 539 3170 γάρ
549 3108 665 3156 δυστοκεῖ·
679 3109 750 3155 ποθεῖ
789 3106 915 3177 ὠςάλλοις
932 3105 1057 3152 πονοῦντα.
1093 3103 1244 3152 Fabularum
1259 3105 1311 3154 eius
1323 3107 1388 3155 tituli
1442 3150 1448 3161 ,

144 3189 195 3245 μέν,
211 3188 318 3248 ἐχθαίρει
330 3186 363 3242 δέ,
376 3187 492 3245 βούλεται
505 3185 526 3233 δ’
540 3188 605 3246 ἔχειν
617 3186 704 3249 (‘quae
716 3187 748 3234 ad
788 3191 918 3248 supersunt
930 3191 1039 3247 septem:
1052 3181 1388 3246 Ἀποκοτταβίζοντες(Αῐίτε-

144 3266 249 3313 alteram
261 3262 437 3312 Alcibiadis
448 3263 532 3326 sugam
544 3264 672 3312 referenda
683 3273 746 3313 sunt.
788 3278 841 3310 nae.
855 3274 874 3309 x
886 3278 910 3324 p.
921 3258 969 3323 426
980 3272 1004 3317 F,
1014 3273 1051 3308 xv
1063 3276 1087 3324 p.
1101 3258 1148 3309 666
1157 3264 1197 3322 n);
1209 3262 1387 3326 Κατεσθίωνψ)

145 3341 328 3391 Alcibiades
346 3341 412 3389 enim
425 3342 538 3389 Athenas
550 3341 623 3390 rediit
635 3341 677 3390 01.
691 3342 748 3391 xciii
789 3339 882 3388 Athen.
893 3351 934 3387 vn
948 3355 972 3402 p.
982 3336 1053 3398 31613
1061 3356 1068 3398 ;
1085 3339 1180 3398 Κόννος,
1195 3355 1259 3403 quae
1270 3343 1389 3392 archonte

141 3434 156 3466 r
172 3421 293 3468 archonte
310 3418 466 3469 Eudtemone
482 3419 523 3467 die
539 3417 620 3467 xxv¹¹¹⁰
637 3419 747 3482 Tharge·
788 3417 891 3466 Isarcho
912 3417 967 3465 he.
994 3416 1094 3480 Olymp.
1121 3418 1204 3465 lxxxix
1226 3433 1236 3465 1
1262 3420 1389 3484 Dionysiis

143 3499 227 3547 lionis.
246 3497 332 3546 Tertio
343 3506 399 3561 post
411 3513 496 3546 mense
507 3499 558 3546 sive
565 3498 636 3546 initio
644 3497 746 3560 Olymp.
788 3494 889 3543 urbanis
900 3510 950 3542 una
962 3510 1018 3543 cum
1029 3495 1143 3542 Nubibus
1157 3503 1182 3544 et
1194 3496 1290 3544 Cratini
1301 3499 1391 3560 Pytine

144 3577 229 3624 xciiia
252 3577 376 3639 Antigene
393 3575 511 3624 archonte
524 3575 634 3623 Athenis
651 3578 677 3622 in
695 3576 748 3622 An·
788 3571 898 3619 secundo
933 3574 1046 3635 praemio
1074 3580 1160 3620 omata
1187 3589 1240 3623 esse
1267 3574 1389 3623 dicitur-

145 3656 219 3703 drum
238 3652 312 3701 solvit
331 3660 355 3701 et
375 3653 529 3717 paucissimis
547 3652 674 3701 mensibus
691 3659 748 3715 post
789 3648 933 3707 Κωμασταί,
960 3664 1035 3711 quam
1057 3665 1108 3698 una
1130 3667 1186 3697 cum
1212 3651 1389 3715 Aristophanis

145 3732 263 3780 abdicare
274 3746 300 3778 se
316 3738 431 3794 praetura
443 3728 543 3778 coactus
554 3739 591 3778 est
603 3727 710 3778 suffectis
723 3732 748 3776 in
788 3724 884 3771 Avibus
895 3732 918 3772 et
929 3724 1061 3787 Phrynichi
1072 3727 1216 3789 Monotropo
1227 3731 1252 3774 in
1265 3737 1388 3778 certamen

145 3813 198 3858 eius
207 3808 487 3872 locumxpraetoribus,
498 3808 551 3872 ipse
559 3817 642 3856 autem
651 3807 747 3865 iterum,
789 3801 945 3849 commissam
973 3802 1081 3864 primum
1108 3803 1225 3850 memisse
1249 3805 1388 3866 praemium

146 3894 237 3951 sponte
253 3894 345 3946 tamen,
357 3886 414 3934 exul
432 3885 493 3934 abiit
511 3886 536 3933 in
556 3886 747 3934 Chersonesum.
788 3880 862 3927 docet
891 3878 1030 3928 Scholiasta
1052 3879 1080 3927 in
1105 3887 1250 3942 argumento
1274 3882 1389 3937 Avium,-

143 3976 328 4015 nmrzscsnvs
340 3964 373 4012 ad
385 3964 412 4026 1.)
789 3957 882 4018 Μαιχοί
893 3966 917 4007 et
929 3960 1027 4019 Σαπφώ
1037 3964 1062 4009 et
1074 3960 1197 4018 Σφενδόνη

191 4039 348 4108 Ἀλκμήνης
371 4039 401 4089 τά
424 4043 450 4090 δὲ
472 4040 636 4103 προσδοκῆσαί
658 4037 683 4087 α’
708 4040 751 4088 abr
834 4033 1028 4099 Ἀμμιυνςκοῦκ
1039 4038 1063 4084 ές
1071 4037 1180 4095 Δελφούς
1189 4035 1236 4083 οὐδ’
1244 4033 1389 4095 ὡς’Δμμων’

144 4121 247 4180 άνόητον
259 4121 289 4169 ὡς
300 4121 383 4168 δοῦλος
395 4118 428 4167 ιδυ
439 4120 479 4167 καί
491 4117 751 4178 θνητὸςἈλκμήνης
790 4113 899 4162 ἐλθόντες
922 4115 972 4161 ἐκεῖ
993 4114 1095 4172 θύσομεν
1116 4114 1164 4161 Ay.
1188 4110 1250 4175 6193
1274 4114 1347 4172 ἔσμεν
1368 4113 1389 4163 δ’

146 4201 197 4248 έσει
218 4199 283 4246 Ran.
304 4212 366 4259 5313
388 4198 450 4245 haec
468 4197 595 4260 Dionysus
612 4194 746 4254 Xanthiae,
789 4187 957 4251 ῦμῖνἈμμων,
970 4192 1069 4251 Δελφοί,
1083 4191 1130 4238 Αν.
1148 4186 1194 4251 716

146 4295 211 4343 quae
228 4279 344 4338 Dionyso
357 4275 438 4324 reddit
457 4276 582 4324 Xanthias
598 4292 620 4323 v.
642 4275 689 4334 583
711 4274 752 4321 καί
838 4266 987 4333 Ἀμύκλαις
1004 4269 1084 4316 κλέωα
1101 4265 1232 4328 (κλείουσα)
1251 4268 1293 4316 τὸν
1308 4266 1389 4333 Ἀμύ-

146 4357 197 4405 πῶς
209 4356 239 4403 δυ
247 4350 477 4415 Ἀλκμήυηςέγὼ
489 4353 535 4402 υίὸς
545 4353 658 4414 γενοίμην
669 4351 751 4398 δοῦλος
790 4344 865 4398 κλαιςς
893 4348 944 4395 σιδυ
973 4346 1046 4409 (θεὸν)
1077 4344 1100 4393 h.
1120 4358 1142 4392 e.
1171 4342 1295 4406 Ἀπόλλω,
1328 4348 1388 4411 Lys.

144 4433 199 4493 ἅμα
212 4433 253 4481 καί
265 4430 351 4489 θνητδς
362 4430 407 4487 οίν;
793 4436 855 4488 1299

750 4523 803 4573 (ra)
