3262 5254
494 442 967 530 Λυσίστρατος-Μανῆς
981 508 984 513 .

110 609 171 673 dicit,
182 628 233 677 quo
250 615 358 678 pecunia
372 612 476 680 publica
487 612 555 664 salva
566 620 706 679 praestetur
1035 611 1063 661 Μ
1204 640 1206 643 v

110 703 184 752 neque
194 697 297 753 geratur
307 691 409 751 bellum,
421 692 470 751 488
481 707 545 756 sqq„
558 698 582 739 et
594 689 706 755 pluribus
796 686 923 755 Μάγνηςι
940 688 1095 740 comoediae
1110 688 1200 742 veteris
1217 692 1267 744 ταῖς
1284 693 1350 753 tros

109 767 210 831 explicat
232 769 349 819 mulieres
376 770 419 819 diu
447 770 535 819 tacitas
557 769 706 833 ingemuisse
747 764 898 829 λαγωτάταις
904 769 1071 818 accensendus
1078 776 1161 833 poeta,
1170 777 1244 820 natus
1252 771 1346 820 Icariae

110 846 176 895 malis
193 848 304 897 consiliis
320 848 443 898 virorum:
461 863 528 897 nunc
545 848 654 899 vicissim
668 854 706 895 ta-
747 843 773 892 in
793 861 853 908 agro
871 844 967 903 Attico,
978 848 1045 896 circa
1063 846 1165 911 Olymp.
1177 846 1237 896 lxxx
1255 847 1345 898 floruit

110 925 210 973 cendum
229 924 284 974 esse
303 926 369 986 viris,
388 927 409 976 si
424 926 488 975 forte
506 925 621 975 mulieres
636 928 705 974 resti·
748 922 857 971 Fabulas
874 923 926 972 eius
944 939 1035 987 magno
1052 938 1110 973 cum
1123 924 1211 974 studio·
1223 924 1361 990 apodiatas

111 1010 172 1052 tuere
184 1018 236 1051 rem
248 1005 352 1067 possint,
369 1007 513 1066 507—5383
530 1019 630 1053 acsane
647 1004 704 1052 ridi·
747 1015 800 1050 esse
821 992 963 1065 multasque
989 1017 1045 1051 eum
1069 1001 1187 1053 victorias
1209 1011 1360 1067 reportasse·

110 1079 173 1128 culos
184 1096 237 1129 esse
255 1080 390 1131 bellatores
406 1083 432 1130 in
447 1081 502 1130 foro
519 1088 661 1131 versantesr
678 1096 705 1129 se
747 1085 844 1127 constat
864 1094 895 1127 ex
909 1079 994 1143 Equit.
1008 1093 1056 1143 κιο
1074 1096 1145 1144 sqq.:
1162 1089 1250 1144 postea
1267 1081 1358 1136 Athea

109 1173 143 1206 res
153 1159 264 1208 turbatas
276 1159 311 1208 ita
322 1146 375 1210 esse
386 1160 551 1224 explicaturos
566 1166 593 1207 ut
609 1159 704 1223 glome·
747 1156 868 1205 niensium
886 1157 1016 1206 adversam
1027 1157 1189 1219 voluntatem,
1201 1175 1275 1223 quam
1292 1174 1348 1223 gra-

110 1251 157 1283 rem
174 1237 247 1286 lanae
266 1235 509 1302 551-58621neque
525 1237 639 1302 indignas
651 1253 704 1286 esse
746 1236 809 1283 viter
820 1234 864 1283 illo
881 1234 938 1284 looo
949 1234 1046 1284 incuset
1057 1236 1247 1300 Aristophanes,
1261 1252 1347 1301 exper-
1443 1265 1448 1275 ·

109 1314 192 1376 quibus
203 1331 267 1379 resp.
277 1319 453 1374 committatur,
461 1332 518 1366 cum
527 1319 596 1380 ipsae
606 1316 704 1379 pariant
746 1318 786 1360 tus
804 1320 841 1360 est
858 1320 883 1361 et
903 1312 969 1362 male
986 1313 1086 1362 habitus
1106 1315 1156 1372 άμα
1177 1316 1232 1364 ταῖς
1253 1317 1349 1365 παλίαις

108 1391 251 1442 bellatores:
276 1401 404 1457 praeterea
423 1408 520 1442 summa
539 1408 596 1442 cum
615 1393 705 1441 iniuria
747 1391 892 1449 κατιούσαις,
909 1391 1029 1438 τελευτῶν
1046 1390 1089 1439 ἐπί
1107 1392 1234 1452 primm
1247 1394 1297 1455 γάρ
1308 1392 1348 1453 ἐφ’

108 1485 150 1533 ρετ
167 1471 263 1525 bellum
281 1471 389 1535 virgines
407 1487 589 1532 consenescere,
606 1470 652 1533 588
663 1486 700 1534 sq.
746 1466 817 1530 ἥβην,
830 1468 951 1530 ἐξεβλήθη
968 1468 1121 1532 (explosus
1137 1471 1192 1530 est)
1210 1473 1348 1534 πρεσβύτης

110 1549 201 1598 Interea
213 1548 331 1598 mulieres
347 1564 429 1598 arcem
446 1551 534 1612 quovis
546 1549 623 1597 modo
634 1549 703 1597 dese-
747 1544 780 1594 ὢν
801 1547 840 1594 du
861 1547 905 1594 rori
927 1547 1048 1594 σκώπτειν
1071 1547 1216 1609 άπελείφθη.
1264 1550 1347 1613 Argu·

108 1640 155 1673 rere
166 1633 291 1689 temptant
307 1626 341 1674 ob
359 1626 511 1689 pruriginem
528 1633 553 1675 et
569 1627 705 1690 aegerrime
747 1631 831 1672 menta
847 1639 905 1672 eum
916 1624 1045 1673 adamasse
1061 1624 1158 1673 ludicra
1170 1632 1196 1675 et
1206 1626 1346 1677 festivitatis

108 1706 266 1754 retinentura
279 1705 458 1768 Lysistrata,
474 1706 610 1767 708-780.
629 1707 704 1755 Cine·
747 1701 822 1766 plena
832 1701 927 1766 colligit
946 1701 1088 1751 Meinelrius
1105 1704 1172 1753 Hbs.
1191 1705 1253 1754 crs
1276 1706 1346 1757 Com«

108 1785 141 1830 sia
150 1784 284 1834 accedente
301 1783 424 1847 cupidinis
440 1782 524 1847 pleno,
537 1799 640 1832 uxorem
652 1784 704 1833 eius
747 1796 772 1844 p.
788 1792 818 1842 33
830 1795 861 1828 ex
872 1795 918 1829 vsa
933 1793 988 1841 522,
1004 1792 1051 1841 523
1352 1794 1355 1799 ⁴

108 1861 295 1909 commonefacit
322 1860 381 1908 iuris
409 1860 507 1909 iurandi
535 1868 559 1909 et
586 1861 703 1910 maritum
771 1877 1208 1932 „dmpprpffiffimpmffl
1216 1881 1343 1936 mg„

108 1939 188 2002 quovis
210 1940 290 1988 modo
312 1938 440 1989 ludificare
462 1939 538 2000 iubet,
564 1938 702 2001 831-864.
771 1943 807 1986 καὶ
820 1943 909 1995 λυδίζων
922 1944 959 1985 καὶ
973 1944 1065 1997 ψηνίζων
1077 1945 1256 1996 misenum
1268 1950 1347 2000 saepo„

109 2017 235 2081 Tentigine
266 2016 389 2082 compulsi
415 2017 535 2067 Graeciae
562 2018 649 2082 populi
671 2019 704 2067 de
1146 2009 1228 2064 x‘sffl

108 2110 165 2158 pace
175 2097 273 2161 legatos
284 2097 394 2156 mittunt,
404 2097 447 2160 qui
457 2095 608 2160 Lysistratae
616 2103 705 2160 poten·
747 2098 837 2161 quihus
851 2099 934 2148 verbis
948 2099 1090 2148 indicantur
1104 2099 1203 2151 fabulae
1217 2101 1271 2151 eius
1284 2102 1346 2165 Βαρ·

108 2175 210 2224 tissimae
237 2176 347 2224 feminae
378 2173 500 2238 querellas
533 2174 705 2224 diiudicandae
745 2177 1061 2239 prmatsirecantatores
1071 2177 1171 2227 barbito
1181 2178 1348 2243 lyraegenere

108 2257 271 2315 committunt,
286 2267 408 2320 1073sqq.
426 2254 571 2316 Διαλλαγὴν
581 2255 705 2306 adducere
743 2254 960 2318 contemptissimo
973 2257 1018 2315 usi,
1034 2255 1148 2316 Ὄρνιθος,
1163 2257 1237 2306 Λυδαί
1253 2272 1304 2321 qua
1319 2259 1346 2306 in

108 2333 275 2399 iubetlegatos
283 2334 433 2398 populorum
441 2334 600 2397 eademaqua
609 2333 705 2383 lustrali
745 2330 830 2379 fabula
852 2332 1035 2395 Lydicarum
1056 2333 1216 2382 saltationum
1237 2333 1346 2384 fractam
1424 2352 1432 2362 ⁷

107 2427 157 2461 aras
168 2412 385 2477 conspergentium
399 2411 539 2475 Olympiae,
556 2411 630 2475 Pylis,
643 2412 704 2462 Del·
744 2409 876 2458 mollitiem
885 2410 966 2459 risisse
973 2410 1348 2471 videtur‚trtpostvecurices

108 2489 167 2553 phis,
188 2497 214 2539 et
237 2492 352 2538 Lacones
380 2489 489 2553 primum
514 2490 705 2540 commonefacit
745 2485 851 2546 ficariae,
865 2486 993 2549 Βάτραχοι

107 2568 281 2617 beneficiorum
308 2566 369 2616 olim
396 2566 429 2615 ab
455 2566 650 2617 Atheniensibus
678 2571 705 2616 in
793 2560 918 2617 Morte:
952 2564 1043 2613 Νύσιον
1069 2566 1096 2614 ds
1122 2567 1186 2624 μετὰ
1213 2563 1347 2617 Μαινάσι

107 2645 169 2710 ipsos
191 2646 349 2705 collatorum,
368 2644 460 2694 deinde
482 2644 649 2694 Athenienses
666 2653 704 2709 ty-
743 2639 863 2704 βάκχισιν
874 2641 951 2691 οίνάσι
963 2644 1057 2691 δαίεται
1069 2643 1127 2705 Lys.
1146 2643 1207 2704 1²83

107 2740 235 2773 munorum
260 2724 292 2772 ab
315 2723 457 2771 Laconibus
482 2720 637 2783 electorum
665 2722 706 2773 etri
793 2715 915 2773 Μαςῦτις
935 2717 1028 2785 λίμνης
1051 2722 1136 2769 ἔλθετε
1154 2720 1276 2782 Νεφέλαι,
1294 2722 1345 2771 dre

107 2803 170 2852 bono
181 2804 259 2867 igitur
268 2802 363 2851 bellum
380 2804 509 2850 mutuum?
528 2799 703 2861 trra—11613
744 2797 879 2846 Μαιῶτιν
895 2798 999 2857 λίμνην
1010 2799 1081 2859 ίχετε
1092 2798 1161 2847 Nub.
1176 2813 1224 2861 273

106 2882 159 2932 hinc
180 2884 293 2946 utrisque
321 2881 453 2946 persuadet
475 2887 502 2929 ut
524 2878 572 2928 sibi
597 2880 704 2929 invicem
791 2872 987 2940 Μαμμάκυθον
1006 2873 1347 2937 κεχηνύπεςΜαμμάκυθαι

106 2960 194 3025 aliquid
202 2957 621 3022 concedant3concessisquaevolt
629 2957 705 3021 epulo
744 2954 809 3003 Rau.
822 2969 878 3018 990.
915 2955 956 3004 De
973 2954 1022 3004 boc
1039 2955 1148 3015 nomine,
1162 2971 1214 3020 quo
1231 2958 1346 3021 stupidus

105 3055 144 3088 eos
161 3040 263 3104 excipit,
288 3035 465 3100 1¹63·¹1ffi7³3
489 3044 514 3085 et
529 3051 621 3085 uxores
637 3036 705 3085 inter
742 3031 884 3096 bardosque
900 3031 978 3081 homo
995 3039 1103 3093 notatur,
1117 3033 1174 3083 ride
1186 3049 1248 3113 qpos
1260 3035 1345 3085 citavit

106 3117 203 3169 choreas
215 3121 247 3166 iis
259 3115 348 3175 reddit,
363 3127 489 3179 1273sqq.
743 3110 886 3159 Meinekius
903 3112 970 3161 Hist.
996 3113 1079 3162 critic.
1093 3112 1161 3161 Com.
1181 3128 1205 3176 p.
1227 3127 1283 3163 rao.
1318 3115 1343 3163 A

148 3194 358 3258 Λυσίστρατοςε
375 3190 423 3241 αύὸ’
443 3193 508 3240 αὖθις
522 3192 703 3254 αύσεσκώψε-
741 3186 830 3248 μάμμα
851 3196 878 3237 et
899 3191 976 3237 κεύθω
998 3190 1110 3240 derivant
1133 3190 1240 3241 editores
1261 3191 1347 3240 [σκιαί

104 3269 381 3332 ται...Δυσίστρατύς
399 3265 420 3316 τ’
438 3270 464 3317 ἐν
482 3268 585 3330 τάγορᾷ,
608 3268 704 3330 Χολαρ·
742 3267 905 3322 Passenianum
927 3267 1082 3331 probabilior
1103 3274 1140 3317 est
1160 3269 1246 3333 opinio
1266 3269 1345 3319 Fritz·

104 3352 164 3411 γέων
189 3351 285 3406 ὄνειδος,
312 3348 324 3396 d
346 3348 520 3410 περιαλουργὸς
546 3349 596 3396 τοῖς
624 3350 704 3399 κακοῖς
742 3344 805 3396 schir
822 3346 944 3401 censentis
963 3346 1122 3410 pmpriorum
1139 3346 1278 3396 Nominum
1295 3356 1343 3398 ter-

106 3428 198 3487 (malis
211 3424 300 3491 quasi
312 3424 434 3486 tinctus)
442 3425 516 3486 ῥιγῶν
526 3441 555 3471 τε
566 3425 606 3473 καί
618 3415 705 3473 πεινῶν
742 3423 879 3474 minatione
900 3425 980 3473 ικυθος
1003 3424 1042 3484 (cs.
1058 3426 1178 3483 Σμίκυθος
1200 3425 1268 3475 Eccl.
1283 3440 1345 3492 2933

105 3505 140 3553 άεί
166 3507 240 3554 πλεῖν
262 3505 278 3563 ἡ
299 3501 416 3564 τριάκονθ’
445 3502 535 3563 ἡμέρας
561 3504 606 3550 τού
632 3504 705 3562 μηνὸς
743 3502 865 3560 Σμικύθην
884 3502 931 3565 Eq.
953 3500 1018 3564 9663
1038 3504 1174 3554 Σμικυθίων
1191 3503 1268 3568 Vesp.
1288 3520 1345 3567 Δρος,

105 3584 206 3633 ἑκάστου
230 3582 294 3631 Ach.
321 3582 384 3643 855:
413 3588 441 3630 ut
463 3596 547 3630 scurra
568 3580 705 3629 traducitur
744 3579 812 3627 Eccl.
826 3578 867 3640 46,
880 3580 1035 3637 Μιλτοκύθην
1047 3580 1343 3631 DemosthinArirtocr.

104 3662 160 3710 item
168 3663 194 3711 in
201 3662 281 3724 Vesp.
290 3662 424 3723 787-795,
433 3659 467 3708 ib.
483 3673 553 3722 τηου,
571 3659 632 3721 1308
640 3659 705 3707 inter
743 3672 767 3720 p.
786 3654 838 3718 169,
854 3665 906 3716 5¹⁵3
917 3653 1110 3713 Κομκαλάκυθος
1122 3656 1186 3705 Ach.
1203 3656 1343 3720 564‚1145)

105 3741 220 3789 convivas
233 3737 400 3787 Philocleonis
411 3743 584 3797 enumeratum
598 3743 625 3784 ut
637 3751 704 3784 men-
743 3733 770 3781 id
787 3730 873 3784 actum
891 3747 952 3791 esse,
967 3738 995 3780 ut
1013 3732 1071 3781 huic
1086 3735 1142 3780 voci
1161 3733 1220 3781 iusti
1236 3734 1345 3785 nominis

104 3817 171 3867 dicus
199 3823 323 3881 perpetuo
350 3815 459 3864 esuriens
488 3814 535 3878 Eq.
571 3825 633 3874 1270
661 3811 704 3861 ubi
743 3808 1345 3874 speciesconciliaretur5designarienimmatris

103 3895 303 3943 Acharnensium
314 3895 472 3941 vexationem
481 3890 626 3954 intellegere
636 3890 704 3939 vide·
744 3886 847 3951 pullum,
862 3885 906 3944 τῆς
921 3886 1011 3946 μητρὸς
1027 3886 1139 3934 νεός-τιον.
1174 3887 1244 3950 Apte
1260 3886 1345 3937 conie-

103 3978 149 4033 tur,
160 3973 209 4022 nisi
225 3971 326 4035 quidem
344 3970 407 4019 alius
425 3969 553 4018 cuiusdam
568 3967 667 4017 fabulae
677 3974 706 4016 ut
744 3971 801 4013 runt
811 3980 835 4011 v.
847 3962 1023 4026 βλιτομάμμαν
1034 3963 1103 4013 Nub.
1116 3964 1165 4029 988

94 4052 304 4114 Babyloniorum,
326 4049 394 4114 quod
416 4047 640 4111 Bergkio'videtur
661 4063 701 4110 ap.
793 4038 905 4104 Μανήςε
922 4040 1072 4102 Μεγαίνετός
1089 4038 1110 4088 θ’
1127 4039 1140 4089 ὁ
1158 4039 1261 4099 Μανῆς
1277 4038 1342 4090 Ran'.

105 4128 244 4180 Meinek.11
256 4145 281 4193 p.
293 4143 362 4190 1034,
371 4126 508 4176 irrisionem
516 4125 630 4189 respexit.
648 4125 706 4173 Per·
744 4117 800 4185 965,
826 4118 869 4167 ubl
897 4117 973 4181 vulgo
1000 4124 1059 4167 ante
1081 4116 1252 4193 Fritzschium
1268 4121 1345 4179 μανῇ.

104 4208 231 4272 stringitur
248 4206 316 4255 idem
333 4206 359 4253 in
376 4204 473 4254 Daetal.
488 4204 517 4252 fr.
538 4215 587 4251 xvi
604 4211 632 4251 ut
651 4218 704 4251 ver·
743 4197 830 4247 servile
842 4211 942 4244 nomen.
959 4194 1025 4243 Vide
1037 4209 1084 4243 sn.
1097 4191 1250 4258 Θηραμίνης
1261 4209 1286 4258 p.
1295 4195 1358 4258 836v

103 4285 192 4335 borum
212 4290 326 4344 novator,
341 4284 391 4332 troi
408 4284 524 4345 συρίλλη·
546 4282 618 4329 τούτο
638 4281 706 4343 παρὰ
744 4282 768 4324 et
780 4274 844 4323 conf.
858 4272 951 4321 Polluc.
966 4283 1083 4330 vr1204:
1100 4271 1180 4332 βύλων
1191 4272 1217 4319 δὲ
1228 4272 1355 4334 ὀνόματα,

107 4363 314 4425 Λυσιστράτου
653 4400 658 4405 ,
743 4354 792 4401 τῶν
804 4354 850 4412 μὲν
860 4353 960 4413 φαύλων
970 4366 999 4398 τι
1009 4350 1050 4398 καί
1066 4349 1200 4411 δυσβύλων,
1213 4349 1254 4411 ἐφ’
1270 4352 1305 4403 ola
1315 4354 1346 4403 τὸ

688 4463 689 4467 =
745 4432 1065 4498 δυσκυβεῖν,μανῆςκ.τ.λ.

695 4535 748 4587 (885)
