3276 5268
425 437 1010 531 ’apamenum—’Apamia

95 611 220 660 moediam
240 608 313 661 salsis
327 610 470 661 criminibus
487 613 555 677 apud
574 623 695 674 senatum,
740 615 787 665 hos
798 616 874 667 iratos
886 618 1035 683 Hyperbolo
1051 620 1134 684 legato
1145 635 1215 668 sacro
1226 635 1344 668 coronam

94 688 190 735 ciuitati
207 694 231 755 qt
247 690 346 737 senatui
355 690 524 752 praesentibus
536 692 604 739 socit's
619 693 697 740 innd-
740 694 869 754 ademisse,
895 705 922 744 ut
942 697 1052 746 discatur
1073 698 1139 746 vitae
1157 698 1210 746 dies
1232 698 1343 760 agendos

95 771 161 825 tasse,
176 782 232 817 cum
251 782 283 815 ne
299 761 569 830 Athenisnds·qurilem
585 775 643 816 esset
659 769 701 816 sed
739 787 793 821 esse
815 774 951 822 secundum
973 775 1047 823 lunae
1072 790 1177 835 cursum,
1202 773 1340 835 607-626.

89 839 243 905 peragrauere,
263 844 399 907 aegerrime
416 844 505 905 evadit,
530 846 594 894 Acir.
617 859 698 908 377-
740 849 829 911 Qualis
847 851 878 899 sit
894 853 1025 901 comoedia
1042 855 1128 916 Vespae
1141 852 1262 916 significat
1273 869 1296 900 v.
1310 855 1341 914 5'4

96 922 157 981 382:
174 921 246 970 *adde
265 934 312 983 502
332 937 385 986 seq.
420 923 451 971 ln
468 923 582 986 parabasi
597 925 696 972 Achar·
739 925 811 977 —66.
849 928 880 976 ln
891 929 1006 992 parabasi
1020 931 1152 993 Vesperum
1163 918 1341 977 iniuriaeinse
1369 929 1372 934 “

94 999 207 1047 mnrium
218 1000 328 1064 exponit,
339 1016 367 1050 se
377 1001 490 1051 modeste
501 1001 696 1052 Atheniensibus
738 1007 886 1055 commissae
902 1016 1000 1056 accusat
1019 1005 1186 1072 spec‘tatores3
1208 1022 1267 1055 nam
1284 1021 1341 1055 cum

95 1077 195 1127 consilia
211 1078 307 1141 optima
324 1078 422 1128 dedisse
437 1095 469 1128 ne
485 1095 500 1128 a
515 1080 651 1143 peregrinis
669 1095 696 1130 se
738 1097 789 1130 non
800 1083 881 1133 solum
895 1085 958 1134 alios
974 1094 1061 1150 poetas
1072 1086 1181 1135 comicos
1191 1085 1256 1134 clam
1273 1085 1342 1133 adiu·

94 1158 144 1218 regi
160 1171 225 1205 neve
244 1157 276 1205 ab
295 1157 487 1223 assentatoribus
504 1173 532 1206 se
550 1158 631 1221 decipi
651 1174 694 1222 pa·
737 1161 800 1210 verit
811 1162 855 1211 sed
870 1170 956 1227 aperte
967 1164 1043 1212 etiam
1059 1164 1185 1214 Herculea
1200 1164 1236 1212 ira
1253 1170 1340 1227 poten·

93 1235 199 1294 tiantnr;
211 1235 270 1284 hinc
278 1234 328 1283 iam
337 1235 467 1289 Persarum
476 1252 559 1299 regem
568 1253 598 1285 ex
607 1236 695 1300 legatis
737 1238 860 1288 tissimum
879 1249 1017 1290 monstrum
1037 1242 1158 1291 Cleonem
1181 1241 1213 1290 sit
1231 1241 1341 1299 adortus,

94 1310 350 1367 Lacedaemoniorum
368 1314 520 1362 sciscitatum
537 1317 597 1363 utris
613 1315 695 1364 faveat
737 1325 795 1380 post
806 1315 936 1368 victoriam
947 1321 1061 1369 modeste
1074 1336 1102 1369 se
1117 1319 1227 1383 gesserit,
1241 1315 1340 1382 specsta-

95 1390 283 1453 Aristophanes,
302 1399 326 1439 et
342 1406 386 1439 eos
404 1406 458 1440 esse
473 1389 584 1442 victuros
603 1393 695 1442 dixisse
737 1402 804 1444 tores
831 1397 953 1460 optimam
980 1398 1136 1459 comoediam
1163 1397 1247 1445 Nubes
1273 1411 1340 1444 anno

93 1467 134 1531 qui
153 1467 227 1517 huius
247 1477 336 1532 poetae
353 1470 462 1519 consiliis
478 1478 594 1521 utantur:
617 1471 694 1520 Lace·
737 1474 862 1538 superiore
874 1477 1032 1540 neglegenter
1040 1476 1163 1525 audivisse
1171 1491 1217 1524 nec
1228 1477 1340 1538 praemio

7 1600 12 1613 ,
92 1545 237 1594 daemonius
252 1554 335 1595 autem
353 1547 477 1610 Aeginam
493 1546 610 1599 affedtare
626 1548 695 1597 nulla
737 1566 844 1612 ornasse,
869 1553 895 1602 in
918 1569 967 1617 qua
988 1553 1064 1605 aliam
1085 1560 1181 1617 pestem
1202 1568 1218 1600 a
1241 1552 1340 1600 civitate

92 1621 140 1670 alia
159 1622 191 1671 de
210 1639 297 1673 caussa
318 1640 394 1688 quam
415 1632 443 1673 ut
462 1633 563 1688 poetam
582 1625 649 1675 hunc
665 1628 693 1674 in
737 1632 938 1681 averruncaverit.
976 1631 1098 1695 Sedipsis
1109 1630 1201 1694 probro
1212 1645 1266 1679 esse
1277 1629 1340 1677 eius·

91 1702 185 1763 Aegina
200 1702 306 1764 praeda
320 1702 479 1765 possidentem
498 1703 694 1753 Atheniensibus
738 1708 814 1757 modo
836 1709 965 1768 incuriam,
988 1724 1014 1756 se
1032 1708 1100 1771 apud
1119 1707 1243 1771 sapientes
1260 1706 1339 1753 nihilo

92 1779 213 1831 auferant,
253 1780 289 1829 Se
311 1781 375 1829 iusta
397 1797 496 1845 semper
517 1798 645 1833 suasurum
667 1785 694 1832 in
738 1786 885 1835 deteriorem
914 1793 1015 1850 poetam
1042 1785 1156 1834 habitum
1183 1785 1229 1843 iri;
1262 1799 1340 1848 quare

91 1858 235 1917 comoediis,
250 1857 371 1923 quidquid
387 1859 542 1909 machinetur
560 1860 650 1920 Cleon,
667 1878 690 1912 v.
737 1879 839 1912 monere
849 1871 877 1912 ut
888 1863 913 1911 in
929 1870 1055 1927 posterum
1066 1861 1127 1911 scite
1137 1861 1238 1910 inventa
1254 1867 1339 1924 poeta·

90 1933 194 1985 ὑπό-ν.
210 1934 267 1997 664.
295 1936 399 2000 Equites
404 1939 517 2000 primam
521 1937 640 2001 subulam
651 1955 695 1987 nco
738 1957 792 1989 rum
809 1940 877 1989 velut
893 1956 970 2005 poma
981 1956 1037 1989 cum
1049 1940 1158 1989 vestibus
1169 1939 1195 1986 in
1207 1939 1269 1987 arcis
1281 1953 1339 1987 con·

91 2015 190 2062 nomine
208 2029 292 2062 scenae
306 2014 376 2073 dedat,
399 2016 448 2080 Eq.
470 2029 524 2078 513,
546 2016 615 2065 Nub.
636 2029 690 2080 530,
737 2019 807 2079 dant,
821 2019 856 2068 ita
875 2019 1046 2068 dexteritatem
1064 2017 1154 2075 olituri,
1170 2029 1338 2077 1015-1059.

90 2092 184 2155 inqua
204 2093 273 2140 audeo
289 2093 328 2140 vel
336 2092 406 2156 faece
413 2093 509 2157 sacrent
526 2094 613 2142 oblitus
631 2096 695 2144 Cleo·
737 2095 926 2144 Deindenarrat
938 2111 991 2144 esse
997 2098 1040 2159 qui
1048 2095 1189 2144 dixerintse
1200 2093 1340 2158 ingratiam

91 2171 130 2216 nis
143 2176 228 2233 parter
238 2173 317 2233 ipsum
328 2172 401 2234 egisse
409 2172 485 2220 tradit
501 2171 634 2221 scholiasta
646 2172 694 2236 Eq.
730 2173 829 2237 ¹redisse
848 2189 904 2223 cum
920 2174 1022 2233 Cleone,
1038 2188 1095 2221 cum
1112 2173 1145 2221 ab
1163 2187 1193 2220 eo
1209 2176 1339 2220 accusatus

91 2261 204 2312 n3osq.;
223 2264 283 2297 raam
300 2249 387 2299 artifex
402 2264 476 2298 nemo
491 2249 594 2299 Cleonis
610 2265 693 2313 perso·
737 2259 871 2314 urgeretur,
902 2251 960 2300 soris
986 2248 1178 2314 expectantibus
1206 2247 1290 2297 multis
1318 2247 1339 2295 si

90 2340 147 2373 nam
158 2326 254 2389 tingere
264 2326 380 2387 audebat,
394 2328 461 2379 unde
472 2327 536 2376 illud
547 2325 642 2376 fidium.
663 2328 694 2376 in
737 2327 870 2378 didterium
880 2329 1004 2378 emitteret
1015 2336 1091 2393 poeta
1103 2343 1215 2392 pressus;
1227 2343 1253 2375 se
1264 2325 1339 2388 igitur

89 2404 206 2465 parabasi
217 2404 340 2467 Equum
351 2405 457 2468 explicet
474 2421 524 2469 qna
540 2420 627 2454 caussa
643 2421 694 2457 non
732 2406 761 2455 ‘ei
772 2407 839 2455 velut
850 2406 1020 2470 poenitentem
1031 2406 1212 2470 aliquantulum
1224 2403 1336 2459 illusisse,

6 2514 7 2517 η
90 2480 692 2545 priuscomoediasinscenadocuerit5o7-55o.
736 2484 827 2532 deinde
843 2484 940 2535 irrisum
957 2484 1084 2541 delusisse,
1106 2483 1273 2544 1284-1291.
1308 2480 1339 2527 In

91 2558 120 2606 In
131 2560 248 2622 pambasi
259 2559 374 2608 Nubium
385 2560 495 2625 queritur
506 2561 537 2609 de
548 2558 615 2609 vius
626 2561 694 2624 apud
736 2561 851 2626 pambasi
860 2563 933 2610 Pacis
944 2561 1046 2625 exponit
1057 2577 1090 2619 se,
1103 2560 1179 2623 siquis
1190 2558 1252 2606 alius
1264 2562 1339 2619 poeta

88 2634 244 2699 spectatores
259 2637 324 2686 adeo
339 2637 464 2702 elegantes
479 2638 564 2687 sabula
579 2639 693 2686 Nubium
736 2639 852 2697 comicae,
861 2639 965 2701 dignum
973 2653 1028 2686 esse
1038 2636 1112 2686 laude
1120 2650 1218 2697 magna,
1229 2635 1338 2696 primum

84 2715 201 2776 prc'orum
206 2729 219 2773 ;
234 2715 366 2778 probatam
378 2716 411 2764 ab
428 2716 487 2779 ipsis
498 2716 573 2765 fuisse
586 2717 693 2780 primam
735 2717 804 2780 quod
814 2715 919 2764 humilia
928 2724 953 2764 et
964 2715 1063 2763 inficeta
1073 2719 1218 2777 argumenta
1229 2709 1339 2759 oemtdo·

89 2780 246 2841 comoediam
259 2794 420 2854 Dattalcma,
434 2809 510 2857 quam
521 2803 547 2842 ut
558 2797 636 2858 virgo,
652 2794 691 2844 cui
737 2810 791 2843 rum
808 2794 903 2858 primus
920 2793 1084 2857 antiquaverit
1094 2799 1120 2841 et
1136 2790 1169 2850 ab
1186 2788 1338 2853 ignobilibus

88 2886 174 2933 parere
185 2870 298 2919 nondum
314 2870 405 2930 liceret,
419 2872 561 2935 exposuerit
571 2873 618 2921 sub
635 2873 693 2921 alie·
737 2874 817 2935 magis
838 2872 871 2919 ad
898 2870 987 2919 altiora
1008 2869 1107 2919 verterit
1130 2875 1223 2927 artem3
1248 2866 1339 2915 deinde

89 2948 126 2997 nis
156 2949 301 2997 calistrati
320 2956 345 2998 et
371 2949 511 2998 Pht‘lomiiis
540 2950 691 3000 nominibus.
736 2950 804 3013 quod
816 2965 867 2997 non
878 2949 987 3013 privatos
998 2947 1162 2996 homunculos
1170 2945 1283 2995 mordeat
1294 2944 1338 2993 scd

90 3026 164 3075 Nunc
175 3026 251 3090 igitur
267 3042 385 3090 quaerere
401 3027 507 3079 eundem
524 3025 692 3091 spedtatornm
736 3027 935 3092 potentissimum
946 3033 1085 3075 monstrum
1099 3027 1207 3074 Cleonem
1218 3020 1339 3073 audacter

88 3104 370 3153 animuminoomoedia
378 3105 523 3168 praesertim
532 3121 692 3157 comsummo
737 3106 769 3156 sit
790 3121 926 3170 aggressus,
952 3121 998 3169 pro
1020 3104 1082 3153 urbe
1103 3110 1129 3153 et
1151 3102 1238 3153 insulis
1260 3116 1338 3165 usque

90 3182 176 3231 labore
192 3183 338 3246 composita,
353 3183 536 3232 modestissima
549 3190 576 3232 et
592 3184 692 3240 sibimet
736 3200 857 3249 pugnans
892 3184 990 3233 Harum
1008 3197 1090 3231 rerum
1109 3182 1214 3246 gratiam
1230 3180 1276 3228 sihi
1294 3178 1337 3227 ha-

88 3259 308 3324 ipsi‘versibu'sque
316 3260 415 3320 lidente,
426 3261 572 3325 repudiante
580 3262 692 3325 vulgaria
736 3263 845 3311 bendam
862 3277 916 3311 esse
930 3277 946 3310 a
960 3259 1150 3325 spedtatoribus,
1165 3274 1244 3322 eoque
1260 3259 1339 3320 magis

89 3337 190 3386 oomicis
205 3337 335 3387 lenocinia
370 3338 470 3387 Senon
489 3338 577 3386 eadem
593 3339 692 3402 saepius
735 3341 805 3407 quod
832 3341 968 3406 palaestras
994 3355 1046 3389 non
1073 3339 1147 3387 obeat
1169 3337 1340 3386 adolescentes

88 3414 246 3464 introducere
254 3416 298 3464 sed
307 3419 385 3464 novas
393 3431 491 3479 semper
499 3415 591 3465 formas
600 3432 692 3481 easque
736 3427 862 3484 temptans
878 3419 923 3468 sed
939 3418 1067 3467 modestus
1077 3417 1123 3476 sit;
1140 3417 1246 3481 proinde
1262 3418 1336 3475 viros,

88 3493 185 3556 lepidas
211 3493 380 3543 comminisci:
409 3488 530 3543 Cleonem
552 3494 694 3558 potentissi·
735 3513 833 3561 pueros,
863 3496 966 3545 tandem
998 3495 1082 3544 calvos
1109 3494 1192 3544 lavere
1225 3502 1340 3558 oportere

88 3586 157 3619 mum
166 3571 692 3634 percussissesemel,noniusultasseiacen·
736 3583 826 3639 poetae
835 3574 916 3634 calvo,
932 3589 945 3635 7
950 3585 1069 3635 34-774.
1100 3574 1341 3637 Aristophanem

87 3649 115 3707 ti,
130 3657 157 3699 ut
170 3649 359 3701 alios·comicos
372 3650 546 3714 Hyperbolum
563 3651 692 3714 usquead
736 3653 847 3717 pudebat
874 3652 957 3700 uxons
984 3659 1009 3700 et
1037 3651 1144 3699 duorum
1171 3651 1340 3715 insipientium

87 3727 200 3776 taedium
220 3736 401 3792 persequentes,
423 3729 559 3793 inquibus
581 3728 692 3792 Eupolin
737 3727 894 3786 filiorumir.
908 3739 956 3786 210

88 3807 192 3869 Equites
202 3820 248 3854 sno
259 3806 314 3853 usui
325 3807 564 3857 accommodantem.
587 3804 699 3857 Redtius'
742 3846 746 3852 .
784 3802 971 3870 Ἀρίστυλλος,
999 3803 1076 3852 homo
1110 3804 1199 3853 foedae
1229 3805 1340 3853 libidinis

88 3884 207 3947 igiturne
224 3884 405 3947 probatnmiri,
420 3883 557 3946 518-562.
594 3884 689 3943 Nubes,
738 3881 807 3934 Ecci
830 3880 885 3945 647,
912 3882 976 3931 Plut
1002 3895 1056 3943 314,
1076 3882 1167 3946 quibus
1189 3882 1215 3930 in
1230 3882 1340 3931 versibus

32 3964 36 3971 ⁴
87 3961 168 4011 solem
180 3968 205 4011 et
216 3961 302 4010 lunam
313 3962 374 4010 dicit
385 3963 452 4011 mala
461 3966 546 4011 omina
556 3963 694 4013 ostendisse
739 3958 953 4015 Platonicamores
964 3960 1072 4023 maligne
1083 3960 1201 4023 exagitari
1212 3966 1339 4022 tamquam

85 4042 146 4088 cum
153 4039 320 4089 Athenienses
332 4040 455 4089 Cleonem
466 4041 555 4090 ducem
563 4040 690 4103 eligerent,
738 4040 883 4089 inhonestos
900 4048 924 4088 et
942 4042 1039 4103 spurios
1057 4046 1114 4087 sunt
1132 4040 1175 4101 qui
1193 4045 1295 4086 censent
1313 4047 1345 4098 ut·

88 4124 114 4167 et
122 4118 254 4167 consilium
263 4119 340 4167 datut
348 4134 463 4168 voracem
471 4119 551 4168 furem
559 4121 694 4182 capistrent
739 4117 882 4167 Meinekius
892 4118 959 4166 Hist.
976 4118 1040 4165 Com.
1053 4132 1079 4179 p.
1091 4115 1137 4175 287
1146 4131 1185 4178 sq.
1209 4114 1340 4164 Platonem

86 4203 201 4246 etnervo
214 4198 383 4262 constringant
398 4196 557 4262 (575-594).
594 4197 694 4247 Deinde
738 4199 806 4246 enim
817 4198 920 4260 proprio
930 4196 1032 4244 nomine
1049 4193 1237 4243 Aristoclem
1254 4193 1340 4257 appel-

88 4272 174 4322 lunam
185 4274 280 4323 inducit
297 4282 443 4339 querentem
458 4275 492 4324 de
508 4274 695 4338 perturbatione
738 4275 817 4324 mum
835 4274 910 4323 fuisse
929 4280 1025 4322 constat
1044 4272 1187 4321 testimonio
1204 4272 1342 4322 Alexandri

88 4349 209 4400 festorum
231 4352 337 4413 dierum,
359 4353 402 4417 qui
430 4356 481 4402 iam
507 4368 560 4401 non
586 4351 694 4416 amplius
738 4353 807 4415 apud
819 4352 959 4415 Diogenem
971 4351 1054 4399 Laert.
1067 4361 1131 4411 1114.
1156 4350 1340 4415 Aristyllum

88 4430 269 4492 meandum
290 4431 394 4479 deorum
417 4429 597 4490 consuetudini,
618 4445 695 4494 quare
738 4437 823 4480 autem
838 4437 940 4487 ¹veteres
963 4429 989 4476 in
1011 4428 1073 4477 locis
1095 4430 1287 4493 Aristophaneis
1309 4434 1344 4483 de

692 4527 744 4587 iras)
