3276 5268
459 437 964 509 Δικαιόπολις--Δικτυυυα

88 607 217 668 χρημάτων
226 608 253 655 οὐ
268 605 410 670 βουλόμενοι
421 609 538 669 δαπανᾶν,
554 610 620 659 addis
632 610 691 659 dre·
733 610 835 660 Cleonis
845 610 877 661 de
891 613 1021 663 comoedia
1036 617 1168 678 praeterito
1179 626 1249 670 'anno
1265 619 1332 680 adta,

88 703 186 744 περπον,
198 686 376 747 προστάξαντες
384 688 572 745 κομίσαιαίτοὺς
581 690 691 750 Διϊπρί·
733 692 870 752 370-382.
906 691 970 740 Abit
982 693 1101 756 supplicis
1114 696 1245 746 miserrimi
1263 699 1333 748 habi-

89 768 135 824 φει
153 764 193 811 καί
209 764 316 813 εἰπόντες
331 764 380 821 ἅμα
396 765 421 812 ἐν
434 765 469 824 τῷ
486 766 610 826 παράπλῳ
625 765 688 827 (tra
731 773 785 815 tum
797 775 946 832 sumpturus,
962 771 1009 832 383
1021 786 1069 834 sq,
1083 773 1117 820 ab
1129 773 1247 838 Euripide
1258 793 1333 841 quem

88 843 180 901 ρεύοντο
191 841 240 903 γὰρ
258 841 297 888 διὰ
309 842 352 889 τοῦ
363 840 478 902 Εὐρίπου)
492 843 532 890 καί
548 844 603 892 τοὺς
618 833 701 892 πολε·’
731 843 857 908 eleganter
873 845 977 907 deridet,
994 862 1131 912 394—494.
1168 851 1211 901 Sic
1222 869 1333 904 caussam

87 921 156 979 plear,
170 921 201 978 ἦν
212 937 237 967 τι
252 921 356 981 δύνηται,
372 918 417 968 ἀπ’
430 921 508 968 αὐτῶν
520 922 620 984 βλάψαι
636 925 690 971 κτλ
730 921 792 970 dicit
819 923 1019 974 Acharnensium
1053 928 1162 987 senibus,
1193 931 1330 994 ιρι-356,

89 997 109 1045 Ε
127 997 249 1045 Pausania
266 1013 288 1057 1,
301 1011 339 1058 23,
354 1012 368 1059 3
386 997 428 1046 vix
448 998 552 1047 dubium
570 1006 607 1049 est
625 990 689 1049 occi·
730 1014 837 1062 quorum
854 1017 911 1064 pars
923 1002 945 1050 ei
963 1002 1036 1063 lavet,
1053 1020 1112 1068 pars
1125 1007 1280 1057 Lamachum
1291 1011 1334 1058 ad·

88 1075 149 1123 disse
167 1092 223 1124 eum
244 1075 271 1122 in
289 1075 423 1138 Mycalessi
441 1076 573 1126 obsidione
591 1078 687 1141 sagittis
730 1084 810 1137 vocat,
825 1094 899 1142 quem
912 1079 1073 1145 Dicaeopolis
1085 1083 1181 1134 deridet
1193 1092 1218 1134 et
1232 1088 1334 1148 μισθαρ-

88 1152 232 1203 consossum.
275 1153 300 1201 Δ
323 1153 429 1203 Cratino
451 1154 557 1216 Χείρωσι
579 1154 608 1205 fr.
634 1167 688 1203 vlu
730 1154 801 1214 χίδυν
820 1170 874 1204 esse
892 1157 1055 1208 demonstrat.
1089 1161 1130 1209 Ita
1147 1178 1233 1212 caussa
1246 1164 1330 1224 vincit,

88 1231 172 1290 (Mein.
177 1231 218 1294 fr.
230 1247 289 1280 com.
305 1243 327 1279 11
340 1247 365 1295 p.
382 1232 438 1292 152)
450 1238 552 1281 notatur
566 1239 595 1281 ut
611 1236 688 1296 pessi·
731 1231 868 1292 557·⁶²6·
887 1235 981 1284 Forum
991 1238 1118 1288 constituit
1130 1240 1156 1288 in
1167 1257 1228 1305 agro
1239 1258 1292 1302 suo,
1307 1245 1333 1293 in

88 1323 140 1356 mus
151 1308 244 1358 h0m02
730 1325 780 1373 quo
803 1326 848 1373 per
869 1328 957 1375 pacem
985 1330 1056 1367 suam
1083 1320 1231 1368 commercia
1258 1331 1332 1383 agant

134 1419 201 1434 ,,
392 1419 398 1435 ,
515 1420 596 1437 ..,
668 1386 1071 1440 ,ΡείοηαοςίίΜτιι
1232 1398 1237 1408 “

108 1437 143 1463 “⁴
156 1434 228 1537 'xm
240 1421 281 1473 'a'
294 1420 399 1525 maffia
407 1421 538 1535 mar
550 1437 626 1476 ’Μ
640 1437 689 1475 ⁷⁹⁶⁶
730 1403 877 1524 lamQus
892 1425 917 1515 ei
928 1483 944 1515 a
955 1396 1332 1538 quediohghedbsihibhbbphbbi

112 1544 197 1594 Πασίαν,
207 1545 327 1599 ὀοφύωνα
337 1548 476 1600 Arteman,
527 1554 531 1567 ¹
730 1549 770 1591 tae
783 1554 830 1607 719
841 1559 896 1608 sqq.
931 1546 974 1593 Ab
993 1546 1095 1597 homine
1115 1550 1255 1615 Megarensi
1272 1558 1333 1603 emit

731 1618 793 1669 filias
812 1636 857 1685 pro
874 1623 990 1686 porcellis
1008 1624 1114 1685 oblatas,
1135 1630 1271 1692 729-835.
1306 1634 1331 1681 A

12 1701 15 1705 .
86 1648 137 1697 he.
161 1650 310 1709 ‘abducam
323 1650 461 1699 exturbabo
480 1667 511 1703 ex
527 1652 627 1701 civitate
643 1652 688 1700 im·
730 1697 826 1746 Boeoto
848 1701 970 1750 mercibus
992 1704 1078 1765 patriis
1100 1714 1190 1757 onusto
1209 1710 1269 1758 emit
1288 1726 1331 1759 m.

86 1726 204 1790 pudentes
223 1727 285 1775 istos
301 1727 415 1776 homines
426 1729 615 1778 nautodicarum
627 1729 688 1778 iudi·

87 1800 123 1851 cio
134 1803 341 1853 condemnatos?
359 1804 434 1867 Plato
446 1814 529 1855 autem
541 1807 566 1854 in
577 1808 689 1869 Ἑορταῖς
729 1774 832 1838 gumam
849 1779 987 1865 copaiiam
999 1782 1069 1829 'mox
1085 1781 1274 1872 Boeoto.tmdit
1292 1805 1331 1876 sy.

730 1852 880 1916 cophantam
903 1855 1055 1905 Nicarchum
1075 1870 1206 1911 sarmentis
1225 1871 1253 1912 ut
1270 1864 1332 1929 figh-

375 1984 385 1995 .
730 1945 790 1979 num
809 1946 853 1980 vas
872 1932 1004 1996 illigatum,
1030 1934 1167 2001 860-958.
1209 1941 1331 1993 Lamachi

109 1985 144 2024 ἢν
151 1986 285 2034 Μίνόμῑνονι
294 1984 331 2024 '³¹‘
340 1983 418 2036 πρίω»
427 1984 464 2025 '⁶⁹
471 1985 534 2036 μόγις
541 1983 645 2036 'Annam
730 2006 850 2056 famulum
862 2009 948 2072 abigit,
963 2024 1076 2076 959-97

86 1881 113 1929 ir.
127 1893 155 1929 vr
169 1882 259 1945 (Mein.
273 1895 295 1931 11
307 1898 332 1946 p.
347 1882 406 1946 626)
418 1884 481 1933 dixit
492 1900 550 1932 eum

87 2084 291 2135 insanientem
313 2093 342 2143 et
365 2086 486 2136 Cretem
509 2086 562 2146 (ie.
587 2086 689 2135 menda·
730 2087 992 2145 uooarsuavissimum
1004 2091 1145 2140 convivium
1156 2105 1268 2159 apparat,
1283 2099 1332 2146 sin·

87 2179 146 2222 cem,
160 2164 294 2228 perfidum)
307 2165 415 2229 vixque
431 2164 569 2213 Atticum
729 2162 788 2225 gula
809 2163 857 2212 sibi
879 2166 1006 2231 apportari
1028 2167 1116 2217 iubens
1138 2171 1164 2220 in
1183 2173 1332 2226 derisionem

132 2237 687 2305 [Ammonome]:expagoAchamis,(fidlus)
731 2239 859 2299 Lamachi,
878 2244 969 2304 quiec
988 2243 1042 2307 ipso
1061 2252 1172 2311 tempore
1189 2250 1216 2298 in
1233 2255 1331 2317 expedi,

87 2317 111 2366 in
121 2319 324 2368 Achamensibus
336 2319 361 2367 in
373 2319 518 2368 concionem
535 2335 609 2368 mane
620 2318 688 2368 venit
729 2317 823 2365 tionem
843 2328 930 2368 contra
950 2321 1058 2370 Boeotos
1080 2335 1188 2386 vocatus,
1211 2329 1332 2381 famulum

88 2396 168 2444 omnia
178 2404 279 2460 praeter
294 2396 362 2459 pacis
377 2396 477 2445 decreta
488 2397 686 2454 turbarecertus,
730 2396 797 2445 iubet
809 2397 908 2460 singula
924 2399 1007 2449 bellici
1023 2412 1157 2465 apparatus
1171 2408 1218 2455 sibi
1235 2410 1328 2470 afferre,

90 2485 172 2533 1-42.
206 2474 343 2522 Intercedit
361 2490 407 2538 pro
427 2474 582 2540 Amphitheo
600 2488 688 2537 pacem
733 2486 899 2535 1071—1142.
937 2476 1092 2527 Lamachum
1103 2482 1146 2544 qui
1161 2485 1271 2546 graviter
1280 2487 1332 2535 vol·

88 2548 187 2610 facturo,
203 2560 234 2612 57
248 2566 304 2614 sqq.
339 2551 450 2599 Fraudes
462 2559 487 2600 et
500 2551 610 2600 fallacias
622 2551 687 2615 lega·
730 2558 828 2599 neratus
863 2552 974 2613 infertur,
1002 2555 1092 2604 iterum
1124 2558 1246 2620 deridens,
1278 2564 1332 2626 ipse

83 2635 165 2680 ‚torum
174 2628 206 2677 ab
216 2628 414 2677 Atheniensibus
423 2629 455 2677 ad
467 2645 550 2692 regem
559 2630 688 2677 Persarum
730 2635 819 2692 potans
828 2643 885 2676 cum
893 2629 1027 2691 amicabus,
1043 2646 1208 2696 1174—1227,
1215 2646 1239 2686 et
1250 2636 1332 2688 vietor

87 2705 214 2754 missorum
233 2707 436 2769 indignabundus
459 2708 545 2771 aperit,
566 2705 687 2765 62—127.
730 2705 756 2753 in
774 2705 837 2754 sesto
859 2706 967 2764 Choum,
982 2700 1082 2771 sumpto
1099 2717 1153 2759 utre
1171 2714 1226 2774 exit,
1246 2715 1331 2780 Chora
1383 2750 1387 2755 »

88 2783 268 2847 Amphitheum
281 2793 423 2834 revocatum
441 2782 500 2833 odio
515 2784 688 2833 drachmarum
729 2791 899 2846 prosequente,
909 2783 1255 2849 raasssqq.-Atrardrohrs
1264 2797 1332 2842 καλῖν

87 2861 197 2909 mercede
214 2862 250 2909 ad
269 2861 481 2910 Lacedaemonios
496 2861 573 2910 mittit
590 2867 617 2909 ut
632 2860 688 2916 sibi,
730 2859 752 2909 α’
766 2861 779 2909 d
793 2862 929 2922 Χολλείδης
941 2864 990 2924 ἐγώ
1007 2864 1071 2914 Aah.
1087 2864 1134 2926 406
1146 2868 1331 2930 (Chollidam

86 2940 153 2987 uxori
164 2947 188 2987 et
202 2939 288 2987 liberis
300 2939 359 2988 solis
374 2955 463 3003 pacem
479 2945 622 3002 componat,
644 2939 689 2986 128
729 2948 845 2996 sevocat,
861 2956 917 2988 cum
929 2941 961 2990 sit
971 2941 1148 3002 Achamensis,
1164 2946 1258 2996 comice
1269 2949 1330 2998 allu-

87 3030 171 3079 -ι33,
197 3017 354 3066 Concionem
366 3017 429 3066 solui
440 3017 508 3065 iubet
520 3016 689 3080 tamquamob
729 3018 790 3065 dens
807 3018 840 3066 ad
856 3019 985 3090 χωλόουί
997 3020 1192 3072 misericordiam
1203 3025 1330 3090 Euripidis

87 3101 208 3143 ostentum
236 3094 378 3158 (διοσημία),
404 3107 540 3156 134—174.
582 3093 688 3157 Amphi·
729 3096 853 3155 moveat);
881 3096 1075 3148 Δικαιόπολις
1097 3101 1123 3151 δὲ
1145 3101 1194 3162 πᾷ;
1217 3105 1331 3154 Δικαιὸ·

87 3171 154 3220 theus
175 3174 367 3223 Lacedaemone
389 3174 460 3222 affert
483 3173 594 3222 inducias
617 3172 689 3236 quin·
730 3175 806 3233 πολι,
832 3173 850 3232 ἦ
868 3175 914 3235 λῇς
937 3177 1054 3238 πρίασθαι
1075 3180 1156 3240 χοιρία
1179 3181 1243 3232 Ach.
1260 3195 1331 3249 ¹749;

87 3252 226 3314 quennales
247 3252 403 3312 decennalcs,
418 3251 577 3309 tricennales;
595 3259 688 3314 postre-
730 3252 830 3299 αἰακτὸν
848 3252 877 3299 δν
892 3255 994 3313 γένοιτο,
1007 3254 1201 3307 Δικαιόπολις
1217 3262 1241 3308 εί
1250 3262 1276 3319 μ’
1288 3264 1332 3311 ίδοι

86 3344 137 3378 mas
153 3331 234 3379 laetus
251 3331 340 3393 accipit
361 3330 521 3394 Dicaeopolis
539 3336 563 3378 et
581 3345 621 3377 rus
636 3329 689 3377 abit
728 3330 875 3390 τετρωμένον
886 3330 919 3378 ib.
934 3329 1010 3394 1196;
1022 3332 1204 3396 Δικαιόπολι,
1220 3340 1333 3389 Δικαιί-

88 3405 207 3469 Dionysia
242 3407 418 3467 celebraturus,
452 3419 587 3470 175-202.
630 3407 689 3455 Exit
730 3410 798 3455 πολι
811 3410 963 3468 φαντάζομαι
975 3409 1007 3458 ib.
1024 3410 1080 3472 8ο3,
1096 3428 1165 3476 1047,
1184 3418 1243 3476 1085
1298 3424 1301 3433 ¹

86 3483 160 3533 domo
174 3501 231 3533 cum
251 3501 334 3545 uxore,
352 3485 403 3533 filia
419 3484 561 3548 canephoro
577 3492 601 3533 et
618 3500 689 3532 servo
779 3483 924 3536 Δίκτυνναε
942 3487 1044 3536 Diana
1059 3493 1148 3538 retium
1159 3500 1183 3540 et
1194 3495 1332 3544 venationis

86 3561 196 3624 phallum
220 3558 344 3627 portante,
367 3563 490 3625 Dionysia
513 3562 640 3611 celebrans
664 3570 689 3611 et
729 3577 842 3624 praeses:
865 3564 1003 3624 διατραγεῖν
1022 3565 1153 3625 κράτιστόν
1171 3569 1225 3617 ἐστί
1246 3588 1287 3628 μοι
1303 3575 1332 3621 τὸ

86 3639 221 3701 phallicum
237 3640 303 3688 canit
321 3640 440 3689 debonis
456 3642 531 3702 pacis,
549 3651 686 3702 237-279.
730 3639 872 3698 δίκτυον,”Η
885 3641 959 3697 δέμοι
973 3641 1116 3689 Δίκτυννα
1127 3648 1272 3706 συγγνώμην
1280 3650 1332 3708 ἔχω

87 3716 226 3780 Corripitur
236 3717 270 3765 ab
282 3717 491 3777 Achamensibus,
504 3716 620 3764 occisuris
633 3731 689 3763 eum
729 3718 772 3763 τοῦ
791 3718 885 3764 δικτύου
902 3717 979 3780 Vesp.
994 3716 1041 3779 368
1059 3718 1111 3778 (ubi
1129 3720 1206 3769 schol.
1219 3726 1286 3785 παρὰ
1303 3727 1332 3774 πδ

86 3794 117 3842 ob
129 3796 257 3843 inducias:
272 3795 399 3844 contendit
413 3793 626 3843 Lacedaemonios
638 3808 689 3840 non
729 3793 803 3851 ὄνομα
821 3794 952 3852 γελοιαζει·
970 3795 1038 3853 παρὰ
1054 3795 1103 3856 γὰρ
1120 3797 1148 3842 τδ
1164 3798 1257 3847 δίκτυον
1274 3803 1331 3860 ἐπή-

86 3887 129 3934 per
140 3874 226 3923 omnia
241 3872 326 3921 fecisse
340 3872 454 3920 iniuriam
465 3872 508 3920 sed
525 3886 611 3934 passos
628 3886 689 3935 quo·
730 3886 795 3930 γαγε
806 3871 835 3918 τὸ
846 3872 1004 3918 Δίκτυνναν
1012 3871 1125 3941 ’Δρπεριιν
1134 3874 1204 3921 ίλαον
1215 3876 1330 3937 ἔσεσθαι);

86 3964 133 4011 que
144 3965 198 3999 esse
211 3942 432 4004 Lacedaemonios.
444 3957 468 3997 et
480 3949 539 3997 dolo
551 3948 584 3996 ab
594 3948 689 4017 Achar-
731 3947 780 4006 ἅμα
789 3948 815 3995 δὲ
826 3948 969 3995 Δίκτυννα
981 3950 1037 3998 παῖς
1046 3945 1160 4011 Ἄρτεμις
1169 3954 1233 4000 καλὰ
1241 3956 1284 4003 τὰς
1293 3973 1331 4004 κν.

86 4027 202 4075 nensibus
223 4027 341 4091 impetrat
363 4035 390 4075 ut
413 4026 502 4075 saltem
525 4027 610 4075 audire
632 4041 690 4074 eum
730 4026 811 4074 νίοκας
820 4022 901 4085 ἔχονο’
911 4026 1003 4074 ἐλθέτω
1012 4027 1051 4074 διδ
1059 4024 1137 4085 δόμων
1145 4032 1330 4090 πανταχῆΚαη.

86 4104 161 4152 velint
174 4104 433 4153 Lacedaemoniorum
450 4121 549 4154 causam
565 4111 686 4168 agentem,
735 4117 803 4166 1359,
822 4100 884 4163 1360
896 4102 952 4164 (‘ex
967 4104 1085 4152 monodia
1102 4104 1165 4153 Ican'
1182 4106 1208 4153 in
1225 4107 1332 4172 labyrin-

88 4180 225 4245 rao-369.
264 4181 375 4230 Pericula
392 4198 436 4230 sua
450 4183 552 4246 exponit
567 4182 691 4230 iniudici·
732 4184 802 4233 thum
821 4181 930 4229 conclusi
947 4182 1014 4244 apud
1032 4181 1177 4244 Euripidem
1194 4183 1220 4232 in
1234 4187 1332 4237 Creten·

86 4258 131 4308 bus
146 4259 253 4309 assuetis
270 4259 356 4308 audire
367 4259 454 4309 laudes
471 4260 538 4311 urbis
551 4268 574 4309 et
592 4260 617 4307 in
629 4259 691 4307 iudi·
731 4258 812 4314 cibun
825 4258 845 4306 is
857 4259 924 4307 enim
936 4274 951 4306 a
961 4259 1047 4306 Minoe
1058 4273 1115 4306 cum
1127 4259 1242 4309 Daedalo
1253 4272 1331 4327 patre,

87 4337 166 4385 cando
175 4337 291 4384 mordere
298 4345 321 4384 et
330 4340 428 4400 (poetae
436 4352 567 4400 personam
576 4335 691 4398 induens)
732 4344 902 4386 monstruosae
913 4336 1022 4384 libidinis
1031 4337 1149 4397 ministro,
1162 4339 1187 4388 in
1196 4356 1253 4390 eum
1262 4348 1333 4408 quasi

87 4422 169 4464 narrat
181 4420 277 4479 quanta
284 4413 429 4462 difficultate
440 4414 545 4462 evaserit
557 4413 692 4462 calumnias
732 4428 856 4464 carcerem
867 4411 992 4463 coniectus
1005 4420 1064 4463 erat.
1098 4415 1235 4481 Aptissime
1249 4429 1333 4472 autern

684 4509 736 4562 (805)

1078 2029 1107 2073 ος
1119 2015 1203 2066 Choas
1215 2019 1330 2079 celebrat,
1380 2076 1383 2079 ,
1406 2020 1414 2027 ’
