3262 5254
622 462 626 467 '
677 434 1113 526 ‘Tradedtols-——spalaf

270 618 388 682 Κρατῖνος
402 620 428 669 ἐν
437 617 522 680 Ὥραις
539 617 570 668 ὧι
584 618 760 681 προσελθόντος
774 618 828 666 νέου
837 616 873 678 τῷ
914 616 1018 680 dignum
1036 622 1101 665 esset
1115 580 1211 664 lacinus
1225 608 1372 663 vilissimum
1386 604 1517 660 homiuem

271 699 365 762 βήματι
378 700 498 758 μέμνηται
513 699 553 746 aul
570 695 624 758 παρ’
638 697 740 756 ἡλικίαν.
774 696 833 759 Qua
846 696 873 744 in
914 709 945 743 ea
966 709 1049 757 poena
1070 693 1199 752 honorare,
1222 707 1273 755 qua
1293 691 1355 739 olim
1377 687 1518 738 Aristidem

272 793 300 826 re
310 793 367 826 eum
379 777 474 826 adiuvit
488 775 641 824 incredibilis
656 775 780 838 quaedam
793 775 874 837 impu·
915 777 1060 834 ceterosque
1087 769 1182 833 optime
1203 769 1236 817 de
1258 767 1388 832 republica
1413 764 1519 813 meritos

272 854 365 913 dantia,
388 861 413 904 et
432 853 575 918 turpissima
596 852 707 902 socordis
728 851 874 916 plebeculae
915 851 981 897 cives
992 847 1222 897 afficeresolebant.
1257 845 1519 911 Itaqueostracismus
1593 872 1596 875 -

273 931 399 981 adulatio:
415 931 574 996 nequeenim
589 930 689 979 dicendi
705 929 779 993 copia
792 928 873 977 homi·
915 927 1050 989 abrogatus
1061 931 1106 974 est.
1140 922 1221 974 Recte
1232 924 1298 974 enim
1313 924 1386 972 Plato
1397 922 1519 971 Comicus

272 1022 331 1058 nem
348 1008 455 1059 valuisse
473 1015 498 1058 et
515 1007 673 1072 eloquentiae
689 1005 813 1056 illecebris
829 1020 874 1069 po·
915 1004 941 1053 in
952 1003 1056 1068 Hyperi.
1071 1002 1099 1051 ir.
1112 1017 1126 1051 a
1138 1006 1188 1052 aits
1401 1059 1408 1063 .

273 1086 328 1149 puli
355 1086 453 1135 animos
480 1085 528 1134 sibi
543 1070 709 1143 conciliasse,
740 1082 782 1131 ‘vel
810 1080 874 1129 illud
990 1099 1427 1157 ‘dmgmffimpmfflpm

273 1162 425 1213 documento
442 1169 486 1223 est,
509 1163 577 1227 quod
599 1162 653 1225 ipse
675 1160 742 1224 apud
763 1158 874 1222 Eupolin
954 1220 957 1227 ¹
990 1166 1191 1209 ιὺωῦδὲιιὶιῡν
1205 1165 1423 1219 mandavissem-

272 1239 336 1288 nihil
355 1255 382 1289 se
401 1255 432 1289 ex
449 1239 549 1288 musicis
569 1239 632 1287 scire
650 1237 699 1286 nisi
718 1236 813 1285 litteras
834 1235 874 1283 in·
985 1229 1061 1283 οὗνᾶρ
1072 1231 1172 1272 ⁷⁰⁴⁰·in
1183 1229 1253 1282 ⁰¹'mx'
1264 1228 1352 1282 ὄστραχ’
1364 1228 1445 1278 &sitr-

272 1332 354 1380 gemte
368 1316 473 1375 latetur3
490 1316 548 1365 Vide
559 1315 707 1378 Quintilian·
722 1317 786 1364 Inst-
802 1314 872 1362 Orat·
915 1321 957 1371 Ita
967 1322 1043 1386 igitur
1053 1321 1128 1372 exilio
1142 1320 1262 1370 multatus
1275 1319 1476 1384 Hyperbolus
1491 1317 1517 1365 in

273 1395 605 1459 1.10,18,ct'.Equit183.
633 1394 675 1443 Ne
685 1395 761 1442 attice
772 1393 874 1458 quidem
917 1400 1021 1448 samum
1038 1398 1145 1447 insulam
1163 1397 1270 1455 secessit,
1287 1398 1331 1445 ubi
1349 1396 1391 1446 01,
1407 1396 1483 1445 xciir
1502 1410 1518 1442 a

272 1491 330 1526 eum
345 1479 456 1528 locutum
471 1493 525 1528 esse
545 1478 621 1526 tradit
642 1476 715 1525 Plato
729 1476 772 1523 ubi
788 1491 870 1538 supra
915 1476 1045 1540 popularis
1060 1475 1159 1540 imperii
1177 1477 1324 1525 adversariis
1341 1481 1444 1523 necatus
1464 1487 1517 1521 cor·

274 1556 327 1606 Sed
347 1556 432 1621 quoad
454 1556 535 1605 Cleon
557 1555 710 1619 reipublicae
736 1559 870 1618 praeesset,
915 1569 1012 1618 pusque
1023 1555 1075 1603 eius
1087 1553 1334 1602 contumeliosissime
1344 1550 1519 1601 tractatumct

274 1634 455 1698 Hyperbolo
472 1634 572 1683 nonnisi
590 1633 712 1682 secundas
729 1632 755 1679 in
774 1631 874 1679 civitate
916 1631 942 1679 in
954 1647 1022 1680 mare
1033 1629 1160 1680 abiectum
1174 1638 1220 1691 est,
1235 1631 1303 1695 quod
1318 1636 1416 1679 constat
1432 1624 1519 1676 audio·

272 1726 347 1775 agere
361 1711 438 1771 licuit,
451 1725 594 1774 quanquam
605 1709 645 1758 vel
657 1709 693 1758 sic
708 1708 767 1758 satis
782 1723 875 1771 magna
916 1709 988 1757 ritate
999 1709 1153 1772 Thucydidis
1164 1720 1218 1757 vm
1230 1719 1267 1770 73.
1299 1708 1364 1756 Tam
1372 1705 1517 1770 improbum

271 1790 324 1837 iam
333 1794 386 1837 tum
397 1788 464 1851 apud
476 1787 541 1837 cives
553 1786 699 1836 auctoritate
710 1785 800 1845 floruit,
810 1786 874 1834 adeo
916 1785 992 1849 igitur
1007 1786 1094 1847 civem,
1111 1786 1137 1833 in
1152 1801 1202 1850 quo
1215 1785 1312 1833 nullum
1329 1784 1405 1848 plane
1419 1781 1517 1831 virtutis

272 1864 375 1928 quidem
389 1872 417 1913 ut
431 1864 539 1928 populus
552 1864 593 1913 Ol.
606 1862 735 1922 lxxxviii4
751 1869 832 1911 totum
848 1877 874 1910 se
916 1863 956 1912 vel
967 1864 1061 1927 ingenii
1072 1864 1205 1927 vestigium
1215 1862 1300 1923 eluxit,
1314 1877 1366 1910 non
1377 1861 1470 1909 mirum
1482 1866 1519 1909 est

272 1940 429 1990 lucernarum
462 1940 633 1990 venditoribus
665 1939 797 1988 tradidisse
824 1939 875 1988 dici
916 1949 1012 1990 veteres
1045 1942 1163 1990 Comicos
1194 1939 1265 2005 quasi
1296 1939 1328 1988 de
1364 1938 1514 2002 composito,

273 2024 358 2081 posset
377 2018 409 2067 ab
429 2017 600 2081 Aristophane
619 2018 667 2082 Eq.
687 2032 741 2080 149.
775 2018 874 2066 Eodem
917 2034 1064 2083 quacunque
1075 2018 1172 2067 ratione
1186 2023 1411 2081 possentvexasse
1422 2023 1448 2065 et
1460 2030 1518 2064 con·

272 2100 387 2157 tempore
409 2094 530 2158 flagitavit
553 2095 589 2157 (a)
611 2102 640 2144 ut
662 2095 746 2144 classis
772 2094 820 2143 sibi
842 2095 875 2143 ad
917 2097 1025 2146 tumeliis
1041 2094 1191 2161 proscidisse
1207 2095 1258 2159 (tt).
1291 2094 1334 2143 Ne
1350 2101 1452 2142 mortuo
1467 2096 1520 2158 qui·

273 2171 424 2220 maritimam
446 2171 632 2235 expeditionem
660 2178 747 2220 contra
769 2171 875 2220 Chalce·
917 2174 976 2222 dem
1002 2174 1143 2238 pepercisse
1163 2180 1277 2222 nostrum
1299 2171 1390 2220 docent
1413 2172 1517 2220 Thesm.

274 2248 364 2298 donios
383 2264 399 2297 a
417 2248 514 2313 populo
537 2249 682 2310 traderetur,
703 2249 772 2297 nullo
789 2256 875 2298 tamen
918 2252 966 2314 839
983 2267 1037 2316 sqq.
1056 2259 1082 2302 et
1101 2252 1166 2300 Ran.
1188 2262 1236 2312 570
1254 2250 1291 2311 (1).
1327 2249 1380 2298 cfr.
1400 2249 1516 2299 Ciceron.

273 2333 301 2375 ut
316 2326 415 2375 videtur
430 2340 551 2385 successu,
566 2325 651 2390 Equit.
667 2338 736 2387 1303·
770 2326 874 2375 Mortuo
917 2328 992 2401 Bm
1011 2345 1033 2379 c.
1051 2327 1096 2388 623
1114 2329 1144 2376 dc
1157 2328 1259 2391 Republ.
1272 2329 1298 2376 iv
1314 2343 1352 2377 ro.
1387 2327 1440 2377 Sed
1457 2343 1519 2392 prae

272 2410 357 2453 autem
379 2404 476 2453 Cleone
494 2402 607 2467 (Olymp.
627 2402 712 2452 lxxxix
730 2418 743 2465 3
764 2410 874 2468 praeter·
918 2408 1007 2454 ceteris
1033 2405 1105 2454 illum
1128 2404 1234 2475 Eupolis
1256 2404 1283 2452 in
1306 2405 1451 2453 Maricante
1477 2404 1517 2454 Ol.

273 2481 393 2546 propter),
415 2489 511 2532 tantam
529 2487 675 2530 consecutus
689 2487 726 2530 est
741 2484 874 2530 auctorita·
918 2481 1003 2530 lxxxix
1020 2497 1034 2544 3
1054 2480 1113 2531 atla
1131 2481 1181 2545 (Κ),
1203 2483 1358 2547 Hermippus
1378 2485 1405 2530 in
1424 2483 1519 2530 Patri-

273 2565 333 2620 tem,
355 2565 384 2610 ut
406 2576 463 2610 cum
483 2559 551 2609 solus
570 2559 621 2608 sere
640 2559 667 2607 in
687 2559 741 2608 foro
760 2563 875 2622 regnaret
919 2560 986 2608 cibm
1014 2557 1059 2621 (L),
1086 2559 1159 2609 Plato
1186 2560 1294 2625 denique
1320 2563 1347 2608 in
1375 2561 1520 2623 cognomini

274 2639 332 2689 Pac
352 2637 398 2689 681
417 2639 461 2701 (F),
484 2646 509 2688 et
532 2638 733 2703 potentissimum
751 2653 875 2702 quemque
918 2636 1004 2686 sabula
1019 2637 1061 2686 01.
1073 2637 1112 2685 xci
1127 2637 1176 2698 ιβ)
1188 2645 1352 2698 vexaverunt3
1368 2638 1435 2687 conf.
1449 2638 1520 2686 Nub.

273 2716 364 2765 civium
386 2716 526 2766 incredibili
548 2716 649 2765 licentia
672 2722 698 2765 et
722 2716 876 2779 procacitate
921 2726 966 2776 551
990 2729 1060 2779 seqq.
1084 2726 1244 2763 Mumsfflvs
1265 2717 1332 2765 Hui.
1360 2716 1424 2765 crit.
1452 2717 1520 2764 Com.

272 2794 404 2844 lacesseret
426 2802 451 2843 et
473 2808 647 2859 quemcunque
670 2792 778 2857 populus
799 2794 876 2844 vellet
922 2794 1006 2842 Graec.
1030 2808 1074 2856 pp.
1102 2802 1237 2857 ign-139,
1265 2793 1408 2857 188—195;
1437 2793 1525 2841 confer

210 2882 216 2889 “
274 2872 391 2921 omnibus
407 2872 488 2921 modis
505 2871 632 2921 vellicaret
649 2869 779 2933 (Plutarch
794 2871 874 2921 Alcib.
918 2879 1014 2917 BERGK
1040 2871 1133 2919 Comm.
1151 2870 1181 2918 de
1201 2872 1233 2919 R.
1249 2872 1277 2920 C.
1294 2873 1328 2920 A.
1342 2872 1376 2919 A.
1396 2886 1440 2934 pp.
1460 2869 1517 2931 206,

275 2965 297 2998 c.
310 2961 340 3008 13
351 2948 407 2999 coll.
423 2949 536 3019 Maximo
547 2949 624 3013 Tyrio
635 2949 703 2997 Diss.
716 2947 759 2997 xiii
770 2962 795 3012 p.
808 2949 873 3011 237),
918 2960 974 3008 250,
994 2949 1042 3010 308
1061 2964 1124 3012 sqq,
1147 2959 1194 3010 354
1214 2964 1282 3013 sqq.;
1307 2960 1397 2997 conat
1419 2949 1475 2999 Obs.
1492 2951 1521 2998 in

274 3026 441 3076 Athenienses
458 3042 515 3075 eum
532 3033 661 3091 tamquam
679 3026 781 3090 genium
798 3042 876 3090 quen·
916 3025 984 3074 Plat,
1000 3026 1066 3074 Com.
1079 3041 1104 3089 p.
1123 3023 1169 3086 136
1180 3040 1235 3088 sqq.

276 3104 335 3152 dam
353 3105 506 3166 suspicerent
526 3119 542 3152 a
560 3103 631 3152 cuius
649 3111 712 3152 nutu
730 3110 755 3152 et
772 3104 876 3153 arbitrio
964 3098 1133 3155 Ὑποδεδιῶςε
1155 3103 1373 3165 meticulosus3
1390 3102 1452 3154 ficta
1468 3105 1523 3155 avis

274 3180 388 3244 suspensi
405 3186 554 3241 tenerentur,
577 3180 629 3227 Dio
649 3179 778 3242 Chrysost.
803 3181 873 3230 Orat.
919 3179 1022 3245 Libyca,
1034 3181 1083 3229 Av.
1096 3178 1127 3242 65

275 3271 307 3317 ²5
319 3274 345 3322 p.
358 3260 405 3306 282
416 3270 443 3305 a,
478 3257 547 3318 Quid
564 3257 632 3320 quod
650 3263 722 3306 tanto
741 3258 877 3322 perditissi·
966 3254 1118 3322 Ὑψιπύλης
1147 3257 1212 3307 filia
1233 3259 1400 3308 Thoantis:
1429 3260 1519 3310 Lemn.

275 3348 346 3382 mum
363 3334 492 3382 hominem
508 3332 596 3382 favore
611 3332 834 3396 amplectebantur,
848 3343 876 3385 ut
917 3332 1119 3384 facturaidad'
1132 3335 1427 3398 ἑτυράινευενὝψιπύλης
1439 3340 1522 3401 πατὴρ
1619 3342 1623 3350 ’

276 3425 429 3475 quamquam
450 3425 554 3458 munera
571 3409 604 3457 ab
626 3410 759 3473 Aegyptiis
780 3413 876 3476 populo
918 3412 988 3473 etas,
998 3413 1149 3475 βραδύτατοι
1164 3411 1197 3460 dr
1216 3412 1242 3462 ἐν
1259 3414 1391 3477 ἀνθρώποις
1409 3415 1507 3477 δραμεῖν
1513 3434 1523 3478 3

277 3487 346 3536 dono
356 3488 440 3547 missa,
452 3493 537 3535 tamen
553 3488 671 3536 exercitui
686 3503 743 3536 eum
758 3489 875 3553 praefice·
917 3508 942 3541 v.
955 3506 975 3541 ε.
989 3505 1015 3542 n.
1029 3487 1102 3545 Θόας
1112 3506 1140 3554 p.
1152 3489 1200 3553 836

276 3571 332 3614 rent
350 3572 375 3614 et
390 3564 611 3615 Hieromnemonis
627 3581 730 3616 munere
748 3566 786 3629 (G)
805 3583 876 3618 orna·

275 3648 331 3691 rent
353 3641 422 3691 Nub.
445 3640 501 3692 620.
551 3642 667 3692 Tandem
689 3646 816 3708 insperato
843 3646 876 3695 de

273 3734 381 3781 summo,
393 3718 427 3767 ad
437 3719 506 3783 quod
516 3719 589 3768 malis
599 3720 694 3770 artibus
704 3721 874 3785 adscenderat,
1010 3770 1013 3777 ,

273 3797 401 3863 potentiae
419 3794 625 3861 auctoritatisque
644 3798 743 3863 fastigio
763 3798 875 3849 deiectus
967 3801 1067 3866 Φαίαξτ
1307 3859 1310 3864 ,

274 3882 320 3935 est,
341 3882 366 3924 et
386 3875 547 3924 machinante
563 3875 720 3939 potissimum
741 3876 876 3927 Alcibiade
942 3906 1009 3957 σοφός
1021 3905 1040 3959 ⁷·
1053 3905 1065 3947 ὁ
1079 3904 1168 3957 natat,
1183 3905 1254 3957 telate
1268 3921 1292 3949 Ν
1305 3907 1431 3958 nartaaow·

273 3952 413 4002 ostracismi
431 3951 524 4000 iudicio
542 3952 676 4000 damnatus
690 3958 728 4002 est
743 3953 786 4002 Ol.
798 3954 837 4003 xci
849 3970 873 4012 4.
941 3970 1076 4021 mma,
1088 3969 1129 4022 γάρ
1140 3969 1188 4012 im
1201 3970 1237 4011 καὶ
1251 3970 1373 4023 neumae

274 4030 392 4080 Ceterum
403 4029 576 4088 Athenienses
588 4029 632 4093 qui
642 4043 694 4077 non
706 4030 745 4078 διὰ
757 4031 875 4090 δυνάμεως
941 4033 978 4074 καὶ
989 4034 1146 4085 γνωμοτυπικὸς
1160 4034 1196 4075 καὶ
1207 4032 1277 4085 σαφὴς
1291 4033 1328 4078 καὶ
1341 4036 1468 4086 :soumis-

273 4110 313 4156 ιιι
328 4109 462 4168 astulam
475 4107 553 4170 aaa
568 4107 634 4155 alia
650 4107 689 4156 aa
704 4109 820 4170 ποιηριιι
834 4109 875 4158 aa
941 4098 1094 4149 ττττλτττττότ
1106 4095 1124 4138 τ’
1138 4095 1216 4149 ium
1226 4097 1264 4139 τοῦ
1278 4097 1426 4150 alama,

273 4185 390 4247 αἰσχύνην
401 4185 445 4245 τῆι
458 4184 552 4235 πόλεως
568 4184 691 4248 (Thucyd.
703 4196 758 4233 vm
773 4184 812 4248 73)
827 4185 874 4234 im·
916 4185 1048 4249 Eq,1377.
1082 4186 1123 4235 De
1135 4187 1279 4246 Phaeaca
1298 4201 1374 4249 quem
1391 4187 1468 4235 δεινὸν
1478 4187 1520 4250 ῥή-

273 4261 381 4324 probum
411 4261 542 4311 hominem
573 4262 750 4312 honestissimo
777 4278 874 4327 poenae
915 4279 976 4325 τορα
997 4270 1071 4313 vocat
1098 4263 1252 4324 scholiastes,
1277 4266 1359 4312 minus
1381 4264 1524 4315 honorifice

274 4351 364 4400 genere
378 4338 571 4400 damnavissent,
585 4355 645 4388 mox
661 4338 722 4389 sadli
735 4339 799 4388 adeo
815 4354 874 4402 poe·
917 4340 1011 4390 iudicat
1034 4341 1181 4391 Plutarchus
1206 4343 1233 4390 in
1259 4343 1308 4390 Vit.
1332 4342 1413 4392 Alcib.
1437 4359 1457 4392 c.
1477 4358 1520 4405 13:

1120 3712 1123 3719 ·
1205 3688 1228 3739 Φ

273 4413 355 4477 nituit,
370 4415 595 4467 animadvertentes
609 4432 685 4482 quam
700 4423 774 4481 turpe
791 4422 818 4466 et
834 4415 872 4463 in·
915 4417 1000 4480 ἀγῶνα
1017 4417 1038 4466 δ’
1056 4419 1109 4481 εἶχε
1125 4417 1299 4483 (Ἀλκιβιάδης)
1320 4419 1381 4482 πρὸς
1401 4421 1521 4477 mataxa
1622 4404 1623 4441 ³

865 4513 919 4567 (9³⁶)
