3276 5268
747 438 1113 527 Κάρ--Κάρκιυος

247 668 251 679 ,
302 618 390 677 Persii,
405 618 449 666 ubi
460 616 512 666 vita
521 614 666 665 beatissima
677 613 831 674 describitur,
844 612 905 676 Iup·

303 696 367 759 piter
377 711 408 744 eo
420 694 479 743 vino
491 693 555 758 pluit

328 808 340 850 δ
357 807 407 854 Ζεὺς
424 807 442 848 δ’
455 806 498 849 ύιυν
514 805 564 860 οἴνῳ
581 806 674 860 καπνία
688 804 742 848 κατά
758 805 797 848 τοῦ
815 804 906 857 κεράμου

705 870 855 921 βαλανςύοει);

303 973 377 1023 simul
394 972 453 1037 quia
469 977 541 1037 pater
562 972 659 1021 dixerat
680 988 702 1021 v.
729 985 774 1033 144
798 970 906 1021 καπνδς

303 1049 376 1114 ἔγωγ’
389 1052 524 1113 ἐξέρχομαι.
547 1050 665 1099 Ceterum
677 1051 789 1098 Καπνίας
800 1048 906 1097 formula

304 1137 342 1178 est
364 1129 474 1178 eiusdem
494 1128 583 1177 coloris
601 1135 677 1191 atque
695 1128 816 1186 Σταμνίου
839 1125 904 1175 Ran.

304 1224 328 1257 v.
342 1221 381 1267 αα,
393 1207 522 1269 Στρούθιος
534 1206 583 1253 Αυ.
600 1215 660 1266 1ο77

353 1282 430 1350 Κάρι
454 1286 474 1331 εί
491 1284 518 1332 δέ
538 1284 620 1331 δοῦλος
639 1282 693 1332 ἐστί
712 1282 753 1330 καί
772 1280 837 1342 Κάρ
856 1281 904 1330 Αυ.

306 1361 367 1425 76τ;
385 1361 470 1412 Schol.
488 1361 585 1409 Platon.
606 1360 681 1408 Lacu
702 1359 782 1409 Bekk.
800 1375 824 1423 p.
843 1373 905 1422 3²2²

304 1442 326 1489 οί
344 1440 446 1488 παλαιοί
464 1441 513 1486 τῶν
528 1438 655 1498 Ἑλλήνων
674 1438 723 1486 dard
746 1436 850 1498 Καρῶν
866 1437 906 1485 καί

303 1519 404 1580 θρρκιδν
423 1518 478 1566 τούς
497 1518 595 1565 δούλους
615 1516 745 1576 έποιούντο,
768 1515 833 1562 ἔνθεν
852 1515 907 1564 τούς

303 1597 399 1645 δούλους
407 1596 431 1643 Κ
438 1596 508 1656 ἂρας
521 1594 640 1653 ὠνόμαζον
649 1594 690 1642 καί
697 1593 795 1654 θρᾷκας
802 1594 907 1655 (Φρύγας

285 1674 394 1741 Ιειάάοςο
417 1675 523 1738 poterat)
548 1673 588 1721 καί
611 1673 656 1721 τός
684 1672 770 1720 δούλας
794 1669 907 1733 θρᾴττας

304 1752 378 1813 (Ach.
395 1752 451 1813 273)
465 1752 504 1800 καί
517 1751 630 1811 Καείρας.
652 1749 722 1797 Hinc
733 1748 907 1812 proverbiumr

303 1830 328 1879 έν
346 1830 422 1891 Καρί
442 1829 613 1878 κινδυνευτέονι
638 1827 756 1876 Cratinus
780 1827 908 1877 Βουκόλοις

302 1906 362 1966 sr.4

379 2005 403 2048 ἐν
412 2006 477 2059 Καρὶ
489 2006 528 2048 τδν
541 2004 637 2047 κίνδυνον
646 2003 669 2046 ἔν
678 2003 724 2055 ἐμοὶ
737 2002 762 2056 δὴ
775 2003 833 2046 δοκεῖ

379 2067 452 2123 πριίτῳ
465 2069 629 2120 (πεπειρᾶσθαι,

306 2172 371 2233 (he.
392 2173 423 2220 in
441 2187 487 2222 me
508 2178 661 2236 tamquam
680 2171 711 2220 iu
729 2171 785 2221 vili
807 2172 908 2236 capite

305 2249 437 2298 omnium
470 2250 566 2314 primo
599 2249 767 2314 periculum
794 2242 908 2298 factum

256 2348 260 2352 ·
305 2342 370 2376 esse
387 2326 520 2390 videtur)
528 2346 536 2388 ;
554 2326 637 2389 ὥσπερ
653 2329 675 2376 ol
692 2328 795 2389 Κᾶρες,
811 2328 850 2376 ἐπί
868 2327 908 2375 λό·

306 2410 359 2465 φων
374 2406 477 2454 οίκούσιν
489 2405 594 2467 (δρνιθις)
608 2407 744 2467 ἀσφαλείας
762 2402 847 2454 ούνεκα
858 2406 907 2454 Αυ.

306 2497 369 2546 2933
387 2481 494 2546 (Herod.
514 2495 524 2531 1
549 2496 591 2545 171
612 2485 652 2533 eet
669 2485 702 2532 τά
716 2484 805 2545 κράνεα
820 2484 909 2545 λόφους

306 2561 443 2610 ἐπιδέεσθαι
468 2562 564 2623 Κᾶρές
588 2563 648 2611 είσιν
672 2563 694 2610 ol
722 2562 909 2622 καταδέξαντεςς

307 2638 430 2688 Plutarch
445 2640 538 2687 Artax.
556 2653 586 2687 ro
603 2640 657 2689 πούς
668 2639 769 2701 Κᾶρας
781 2639 908 2702 ίλεκτρυό

306 2733 347 2766 νας
358 2718 381 2765 οί
392 2717 488 2778 Πέρσαι
504 2717 544 2764 διὰ
560 2717 615 2766 τοδς
631 2716 728 2777 λόφους,
744 2717 777 2766 οίς
792 2718 910 2776 κοσμοῦσι

306 2795 339 2842 τὰ
350 2795 432 2857 κράνη,
447 2793 640 2857 προσηγόρευον;
658 2794 767 2844 Alcaeus
782 2794 811 2844 fr.
825 2809 854 2843 aa
867 2795 907 2844 λό-

304 2880 351 2934 φον
362 2889 390 2921 τε
406 2874 477 2923 σείων
494 2871 637 2933 Καρικόν;
655 2872 747 2922 Strabo
758 2884 808 2920 XIV
820 2889 845 2937 p.
859 2871 905 2922 661

202 2956 205 2967 ¹
305 2953 317 3010 ἓ
330 2961 368 3011 α7.
403 2950 455 3000 Sed
466 2950 498 2998 de
510 2965 584 2999 sensu
597 2949 646 2998 loci
658 2950 770 2999 nondum
782 2950 870 3015 liquet)

353 3025 477 3094 Καρδίας
503 3029 573 3077 πόλις
595 3026 691 3088 θρᾴκης
713 3026 742 3086 ἧς
763 3030 787 3076 οί
808 3030 909 3077 πολῖται

306 3106 438 3167 Καρδιανοί
442 3122 447 3154 :
461 3106 515 3153 ἔστι
525 3105 574 3166 γάρ
587 3105 679 3166 δένδρον
690 3106 795 3164 πεφυκδς
806 3107 909 3154 ἔκτοπόν

306 3201 331 3230 τι
342 3182 474 3244 Καρδίας
486 3182 605 3242 ἀπωτέρω
617 3181 761 3240 Κλεώνυμος
772 3183 822 3231 Αυ.
838 3193 906 3244 1474,

305 3258 349 3306 ubi
360 3258 429 3306 iocus
441 3263 478 3305 est
489 3257 515 3305 in
523 3257 642 3319 ambigua
650 3257 830 3320 significatione
841 3262 908 3309 vocis

355 3331 530 3398 Καρδοπίωνι
556 3334 582 3382 iu
600 3334 678 3398 Vesp.
700 3345 761 3396 1177
780 3336 908 3388 Philocleo

306 3411 399 3460 facetos
410 3426 535 3460 sermones
543 3411 639 3475 (λόγους
651 3414 759 3474 σεμνούς)
768 3429 908 3478 proponere

306 3489 385 3538 iussus
396 3488 431 3536 ita
443 3488 545 3552 incipit:

381 3588 509 3640 πρῶτονμὲν
520 3587 567 3641 tissi
577 3589 641 3641 Λάμι’
650 3587 724 3633 άλοῦσ’
733 3589 835 3644 δπέρδιτο,

381 3651 477 3694 ἔπειτιιδΙ
485 3651 532 3697 det
542 3653 691 3706 Καρδοπίων
700 3651 738 3706 τὴν
745 3656 825 3715 μητέρα

305 3759 340 3794 sc.
354 3745 449 3808 ἔτυψεν.
484 3745 584 3809 Quibus
595 3745 730 3810 Bdelycleo
742 3747 876 3812 respondet

381 3860 411 3914 μή
418 3860 457 3914 μοί
463 3876 487 3915 γε
495 3863 573 3913 μύθους
582 3861 639 3904 aaut
647 3863 689 3904 τῶν
697 3862 839 3916 οἶνθρωπικιδν.

305 3968 374 4016 illud
389 3967 423 4026 ‚de
434 3967 631 4031 Cardopione
643 3985 674 4017 ex
681 3969 832 4020 *Pherecrate
844 3971 908 4021 deri·

304 4053 390 4094 vatum
408 4060 462 4095 esse
482 4045 623 4108 suspicatur
640 4046 789 4108 Menenius,
811 4047 874 4098 sicut
894 4065 908 4098 e

306 4124 407 4172 Cratete
419 4122 566 4185 figmentum
577 4123 609 4171 de
621 4122 711 4172 Lamia

354 4196 463 4264 Rapio:
491 4201 533 4250 τδν
560 4201 686 4261 δφθαλμδν
713 4200 858 4265 παράβαλλ’
884 4204 908 4252 ές

306 4276 420 4337 Καρίαν
436 4279 479 4328 τδν
495 4279 571 4338 δεξιδν
581 4280 623 4327 τδν
637 4279 659 4326 δ’
675 4280 758 4342 ἕτερον
769 4281 792 4330 ές
803 4281 906 4341 Καλχη-

306 4353 361 4400 δόνα
372 4352 420 4416 Eq.
436 4366 481 4416 174
493 4356 594 4417 (Caria
606 4363 630 4405 et
642 4356 788 4405 Chalcedon
800 4365 870 4406 eraut
880 4361 906 4407 in

305 4429 402 4478 duabus
423 4433 618 4483 extremitatibus
637 4435 782 4499 peninsulae
802 4451 907 4500 magnae

948 624 1033 686 Asiae,
1048 640 1098 674 una
1109 623 1142 673 ad
1158 623 1288 674 meridiem
1302 622 1381 673 altera
1398 623 1432 672 ad
1444 623 1553 672 Boream

948 703 1010 753 sitae
1030 703 1189 752 Athenarum
1212 699 1334 766 respectu,
1360 707 1414 751 toto
1438 702 1550 764 Aegaeo,

949 780 1118 844 Hellesponto
1129 786 1153 830 et
1166 780 1319 844 Propontide
1331 779 1553 830 intercedentibus.

948 848 1105 907 excusruvs
1209 922 1212 929 Ι

996 933 1129 1002 Καρικύςι
1147 931 1216 986 οδτος
1228 934 1249 984 δ’
1264 933 1413 998 (Εὐριπίδης)
1432 935 1482 984 άπδ
1494 934 1554 983 πάν·

947 1032 997 1064 των
1025 1015 1093 1077 φέρει
1122 1011 1201 1075 (μέλη)
1230 1013 1365 1075 Καρικῶν
1394 1013 1551 1071 αὐλημάτων,

948 1093 1039 1156 θρήνων
1058 1092 1202 1152 Ran.13oa
1221 1091 1264 1139 ubi
1285 1090 1363 1140 schol.
1384 1092 1417 1139 τά
1435 1092 1555 1152 Καρικδ

948 1170 1078 1229 αὐλήματα
1089 1170 1128 1217 καί
1139 1171 1204 1229 μέλη
1213 1170 1321 1231 θρηνώδη
1330 1170 1403 1219 ἐστιν.
1422 1169 1555 1217 Caricae

946 1249 1024 1298 tibiae
1045 1246 1134 1296 modos
1157 1247 1315 1311 potissimum
1337 1247 1455 1310 lugubres
1478 1247 1556 1295 tuisse

947 1326 1039 1376 docent
1059 1325 1149 1375 Pollux
1167 1336 1197 1373 1v
1217 1335 1245 1386 75
1262 1341 1300 1389 sq.
1319 1332 1344 1373 et
1359 1324 1506 1374 Athenaeus
1525 1336 1556 1372 1v

947 1420 972 1469 p.
990 1415 1120 1468 174rsqq.
1155 1403 1196 1453 De
1217 1400 1337 1452 Caricis
1355 1401 1471 1466 praeficis
1491 1402 1556 1450 dixit

948 1484 1090 1533 Meinekius
1102 1483 1234 1532 Menandr.
1245 1498 1270 1546 p.
1280 1496 1319 1546 91.
1339 1481 1411 1530 Nihil
1424 1481 1557 1545 dignitatis

947 1562 1065 1611 habuisse
1081 1561 1170 1610 tibiam
1182 1561 1323 1610 Caricam
1339 1567 1411 1626 patet
1422 1577 1436 1610 e
1449 1560 1557 1610 Platone

948 1641 1039 1689 Lacon.
1054 1639 1084 1687 fr.
1096 1650 1108 1687 1
1118 1655 1141 1688 υ.
1157 1653 1185 1687 1ο

973 1727 1050 1772 αὐλοὺς
1058 1728 1075 1769 δ’
1083 1727 1165 1780 ἔχουσά
1173 1742 1204 1772 τις
1212 1727 1301 1780 κορίσκη
1312 1727 1427 1780 Καρικόν
1434 1728 1501 1778 μέλος
1509 1743 1532 1769 τι

972 1790 1081 1842 μελίζεται
1090 1790 1134 1835 τοῖς
1143 1791 1260 1842 συμπόταις
1268 1789 1351 1842 κᾶλλην
1358 1790 1461 1844 τρίγωνον
1469 1787 1528 1833 ςίδον

973 1854 1074 1906 ἔχουσαν,
1084 1851 1120 1896 εἶτ’
1129 1851 1177 1907 ᾖδεν
1186 1855 1237 1907 πρὸς
1244 1853 1296 1896 ubst
1304 1857 1368 1906 μύλος
1376 1853 1471 1905 Ἰωνικόν
1479 1870 1502 1897 rs

998 1945 1121 2012 Καρίονι
1148 1964 1233 1998 servus
1256 1947 1386 2012 Chremyli
1408 1948 1435 1996 iu
1467 1948 1553 2015 Pluto,

950 2024 1014 2073 ridet
1031 2023 1085 2073 heri
1104 2024 1227 2074 insaniam
1244 2041 1319 2074 caeco
1335 2040 1394 2074 seue
1409 2024 1505 2074 utentis
1524 2041 1557 2074 ex

950 2102 1059 2163 oraculo,
1080 2115 1166 2165 1-7ο.
1204 2103 1278 2152 Pluto
1293 2102 1347 2167 ipse
1361 2109 1386 2152 et
1404 2102 1481 2153 herus
1498 2120 1556 2168 per-

949 2181 1054 2230 suadent
1072 2182 1240 2245 potentiorem
1257 2198 1315 2231 eum
1329 2197 1384 2231 esse
1404 2182 1474 2242 Iove,
1490 2184 1558 2232 8ο-

953 2274 1006 2324 19α.
1026 2259 1090 2308 Heri
1101 2260 1169 2309 iussu
1180 2260 1313 2324 populares
1325 2260 1430 2309 rusticos
1442 2260 1555 2319 adducit,

949 2336 1049 2385 divitias
1064 2337 1125 2401 ipsis
1141 2344 1273 2386 eventuras
1290 2338 1446 2401 promittens
1462 2339 1556 2402 Cyclo·

949 2429 1008 2477 pem
1020 2430 1076 2464 curu
1088 2415 1183 2474 ovibus,
1196 2416 1287 2465 Circen
1299 2431 1356 2465 cum
1367 2416 1454 2464 suibus
1466 2417 1501 2465 ad
1512 2432 1555 2466 eos

950 2492 1066 2542 ridendos
1077 2493 1178 2553 saltans,
1193 2506 1330 2557 253-321.
1354 2493 1474 2557 Stragula
1485 2495 1556 2544 effert

949 2569 983 2618 ad
991 2585 1112 2634 pompam
1123 2571 1150 2619 in
1161 2571 1283 2635 templum
1299 2571 1445 2636 Aesculapii
1461 2572 1556 2623 ducen-

951 2648 1018 2708 dam,
1050 2647 1099 2709 624
1121 2665 1159 2714 sq.
1194 2650 1286 2700 Redux
1313 2657 1397 2699 narrat
1424 2653 1555 2718 quomodo

950 2727 1078 2776 incubatio
1090 2726 1157 2777 satta
1172 2727 1246 2778 fuerit
1263 2729 1289 2777 in
1305 2729 1409 2793 templo,
1424 2730 1556 2794 quomodo

950 2805 1012 2853 deus
1023 2811 1130 2866 sanatus,
1145 2806 1281 2856 Neoclides
1295 2805 1335 2855 fur
1351 2807 1449 2856 caecior
1463 2806 1553 2870 faetus,

950 2899 1064 2948 quaeque
1081 2884 1136 2948 ipse
1153 2885 1280 2935 verniliter
1298 2886 1384 2950 egerit,
1406 2884 1556 2950 627—7473

951 2969 975 3012 et
990 2962 1138 3012 immensam
1156 2963 1286 3012 hominum
1308 2964 1408 3012 turbam
1422 2966 1496 3029 sequi
1515 2966 1557 3016 he·

951 3056 1014 3089 rum.
1049 3041 1120 3090 Iusso
1132 3041 1209 3090 choro
1219 3041 1310 3092 saltare
1325 3041 1426 3090 obviam
1439 3045 1557 3106 procedit

951 3133 1059 3182 pompae
1070 3119 1189 3177 redeunti,
1202 3117 1336 3181 760-770.
1356 3119 1416 3168 Exit
1427 3127 1454 3169 et
1465 3120 1557 3170 domus

950 3194 1095 3244 felicitatem
1123 3196 1253 3257 describit,
1284 3197 1422 3247 sor-822.
1478 3198 1557 3262 Syco-

951 3272 1071 3336 phantam
1083 3272 1191 3323 devovet
1206 3281 1231 3323 et
1247 3280 1327 3333 vexat,
1342 3271 1399 3335 876,
1414 3272 1556 3340 926—945.

952 3350 1103 3399 Mercurium
1123 3352 1156 3399 ad
1175 3351 1275 3401 Plutum
1291 3352 1502 3415 transfugientem
1519 3371 1557 3404 ro·

950 3436 1023 3492 gatus
1040 3437 1068 3479 ut
1086 3431 1198 3494 excipiat,
1211 3430 1337 3480 difficilem
1354 3446 1381 3480 se
1399 3433 1515 3495 praebet,
1529 3450 1558 3484 ex

952 3513 990 3555 tot
1001 3506 1067 3555 illius
1078 3507 1120 3556 dei
1136 3509 1278 3557 ministeriis
1292 3524 1378 3570 unum,
1390 3512 1558 3561 certaminum

951 3585 1071 3634 festorum
1082 3586 1234 3648 praesidium
1244 3586 1370 3650 probans:
1387 3594 1413 3636 et
1428 3588 1509 3638 deum
1526 3590 1558 3640 ad

953 3668 1056 3725 puteum
1068 3662 1145 3711 mittit
1156 3670 1213 3712 exta
1223 3663 1341 3722 lavatum,
1359 3673 1527 3731 1097—1170

1001 3737 1153 3806 dettivoe:
1171 3740 1338 3800 Atheniensis,
1348 3740 1414 3791 filius
1425 3742 1557 3809 Thorycii,

952 3817 1059 3882 tragicus
1070 3824 1146 3882 poeta
1162 3819 1205 3884 qui
1220 3834 1277 3868 cum
1292 3819 1371 3868 tribus
1388 3819 1456 3881 filiis,
1472 3822 1558 3873 Xeno·

953 3896 991 3944 cle
1019 3896 1157 3945 Xenotimo
1184 3903 1211 3945 et
1233 3884 1374 3958 Xenarcho,
1400 3900 1558 3951 comicorum

953 3971 1107 4021 Pherecratis
1118 3973 1295 4037 Aristophanis
1308 3974 1420 4025 Platonis
1431 3977 1559 4042 vituperia

952 4055 977 4097 et
1004 4048 1142 4097 irrisionem
1170 4052 1256 4099 movit.
1296 4050 1416 4102 Vetustos
1444 4056 1558 4106 imitatus

951 4133 1038 4189 poetas
1049 4127 1179 4190 primarias
1190 4128 1217 4176 in
1228 4128 1319 4177 sabulis
1336 4129 1406 4178 chori
1416 4132 1557 4183 saltationi-

951 4205 998 4252 bus
1012 4205 1089 4253 dedit.
1125 4205 1156 4254 Id
1173 4207 1232 4255 satis
1248 4207 1407 4271 intellegitur,
1420 4211 1492 4273 quod
1504 4212 1555 4271 filii,

950 4297 1014 4344 quos
1025 4283 1051 4330 in
1060 4298 1149 4332 scenae
1159 4300 1231 4332 usum
1243 4286 1340 4346 erudiit,
1350 4301 1402 4335 non
1413 4295 1468 4337 tam
1480 4306 1556 4339 enun-

950 4361 1053 4408 tiatione
1064 4367 1107 4409 aut
1124 4359 1224 4411 attione
1235 4378 1299 4426 quae
1314 4361 1427 4413 adtorem
1445 4369 1555 4423 maxime

950 4438 1042 4499 iuvant,
1056 4453 1132 4502 quarn
1150 4447 1202 4490 arte
1220 4441 1328 4490 saltandi
1347 4445 1503 4506 praestitisse
1520 4447 1555 4495 di-

895 4534 948 4586 (84⁸)
