3262 5254
662 461 821 548 Κρατῖνος
892 451 896 455 ‚

109 628 139 678 ir.
155 645 166 678 1
189 644 230 693 ap.
250 630 331 679 Mein.
344 630 392 693 1'p.
406 626 464 690 61);
481 644 634 694 quamquam
651 628 719 680 idem
762 633 851 698 quibus
862 635 945 684 verbis
962 615 1085 700 signifidat
1102 635 1127 685 in
1139 635 1294 687 inveniendis
1312 629 1366 702 qul·

110 708 248 756 Cimonem
285 708 413 771 praeclaro
445 710 543 756 ornavit
577 709 718 771 praeconio.
761 712 819 761 dem
836 716 989 777 argumentis
1006 712 1149 763 felicissime
1167 730 1221 764 esse
1241 721 1370 764 versatum

105 784 135 830 V
136 800 177 833 ere
190 784 318 848 poeticam
331 784 376 832 viri
392 783 467 832 fuisse
484 783 595 832 indolem
607 784 718 849 Aeschy·
761 789 806 838 sed
823 789 929 839 eundern
949 792 975 838 in
990 806 1123 854 progressu
1140 791 1240 840 fabulae
1257 791 1369 840 ablatum

108 863 187 928 loque
199 865 225 912 in
238 864 334 928 dispari
345 878 436 927 genere
451 862 611 926 simillimam,
627 866 719 914 diserte
761 863 867 915 actionis
887 871 1010 917 rationem
1031 870 1143 918 turbasse
1161 877 1186 918 et
1203 884 1278 933 quam
1297 885 1367 919 orsus

110 943 189 991 tradit
205 942 359 1005 Anonymus
373 941 471 989 decom.
483 958 509 1005 p.
521 941 579 989 xxix
595 942 682 1004 γέγονε
694 942 720 990 δὲ
759 950 813 992 erat
825 944 857 992 ab
869 945 941 994 initio
952 947 1091 1010 argumenti
1107 947 1184 996 telam
1198 963 1250 996 non
1262 951 1297 997 ita
1312 962 1367 1011 per-

112 1022 316 1080 τοιητικώτατσς,
330 1021 515 1079 κατασκευάζων
527 1021 559 1069 εἰς
575 1021 617 1068 τὸν
628 1020 719 1081 Αθσχθ·
761 1024 867 1071 texuisse
878 1029 907 1071 ut
918 1038 1016 1072 summa
1025 1031 1087 1073 esset
1097 1024 1250 1088 singularum
1260 1023 1369 1089 partium

110 1102 157 1148 λου
179 1098 333 1160 χαρακτῆρα.
371 1097 475 1146 Beatam
498 1097 591 1161 ingenii
618 1113 717 1158 venam,
761 1099 795 1148 ad
806 1106 901 1148 certum
913 1099 1013 1150 fabulae
1030 1100 1105 1150 finem
1120 1103 1280 1166 conspiratio.
1314 1101 1369 1151 Ad·

112 1191 164 1240 qua
181 1182 236 1225 erat
252 1177 291 1223 sui
306 1174 465 1233 confidentia,
479 1176 533 1239 ipse
550 1176 677 1239 praedicat
694 1178 721 1224 in
762 1178 892 1226 miratores
918 1184 943 1226 et
971 1177 1107 1228 imitatores
1135 1178 1223 1228 habuit
1246 1179 1365 1243 Eupohn,

111 1254 273 1303 nobilissimo
285 1254 424 1318 fragmento
436 1255 539 1314 Πυτίνης
551 1253 618 1319 apud
632 1254 719 1304 Schol.
763 1253 966 1318 Aristophanem,
993 1256 1121 1306 Cratetem
1149 1263 1175 1305 et
1202 1255 1366 1316 Teleclidem,

112 1332 201 1396 Equit.
215 1344 262 1392 523
763 1331 909 1381 Strattidem
927 1332 1004 1382 alios:
1024 1333 1078 1398 ipse
1096 1334 1243 1383 Archilochi
1260 1332 1371 1383 senator

160 1431 345 1483 ἌναξἈσολλον.
354 1431 396 1473 τῶν
405 1429 624 1485 ὲπῶντοῐνρευμθτων
763 1416 814 1457 erat
827 1409 928 1473 (Bergk
948 1412 1041 1459 comm·
1055 1427 1099 1475 PP·
1116 1422 1187 1474 3’79
1204 1413 1254 1476 29).
1288 1411 1369 1460 Inter*

164 1496 284 1548 κσυαχοῦσι
293 1493 366 1548 πηγαί·
378 1495 544 1546 δωδεκάκρουνον
550 1494 574 1536 τὸ
583 1493 660 1544 στόμα,
762 1486 836 1535 cessit
848 1490 871 1535 ei
883 1502 938 1535 cum
952 1495 1039 1536 nostro
1051 1488 1171 1547 simultas,
1181 1489 1250 1552 quod
1261 1491 1287 1536 in
1299 1494 1371 1538 tanta

161 1559 262 1604 ’laterae
271 1559 294 1601 ἓν
302 1560 328 1611 ni
337 1557 426 1613 adpo-7⁴·
438 1559 461 1600 τί
468 1558 495 1600 tv
503 1558 585 1609 cisami
592 1573 639 1611 ⁶⁰23
763 1564 896 1613 atticorum
908 1567 1060 1614 comIcorum
1072 1566 1105 1614 de
1116 1567 1258 1630 principatu
1269 1563 1370 1629 populi·

164 1623 379 1677 «tarvanensem
388 1622 493 1668 “mm‘'
502 1624 527 1664 ’ὃ
536 1623 612 1673 πόμ’*
763 1657 812 1707 que
828 1643 908 1706 gratia
924 1644 1094 1694 aemulatione
1105 1651 1130 1693 et
1144 1652 1232 1692 mutua
1244 1641 1369 1692 obtredla-

164 1687 324 1730 ἅπανταταῦτα
332 1689 461 1729 κατακλύσει
470 1685 593 1738 ποιήμασιν.
775 1721 780 1731 .
863 1724 867 1734 ,
889 1722 894 1732 .
1113 1725 1118 1735 ,
1356 1723 1361 1733 ,

763 1728 831 1769 tione
843 1720 906 1769 nihil
917 1721 993 1770 habet
1005 1722 1073 1786 quod
1085 1734 1210 1777 mnemnr.
1247 1721 1278 1769 In
1289 1723 1370 1785 Equi·

113 1777 218 1841 Rapid⁰
230 1780 332 1827 menti
349 1794 454 1841 quercus
470 1784 495 1826 et
507 1777 622 1841 ΡῙΜἏῙῘΟ5
633 1776 721 1864 ‘adlfl'
763 1799 828 1847 tibus
845 1803 991 1864 praesertim
1014 1800 1158 1863 gravissime
1178 1799 1201 1848 ei
1224 1800 1369 1849 adversatus

113 1864 154 1905 tus
163 1854 261 1905 evolsas
270 1871 354 1905 secum
362 1854 468 1919 rapienti
477 1853 605 1918 praeclara
614 1854 723 1917 imagine
764 1884 809 1936 est,
823 1877 929 1926 laudans
940 1877 1011 1926 inum
1023 1878 1125 1942 quidem
1138 1885 1242 1942 Propter
1253 1878 1369 1927 eximiam

114 1950 174 1982 eum
187 1942 316 1997 mmmm
328 1933 511 1997 Aristophanes
522 1932 638 1980 mnibus
651 1930 722 1996 Plau'
763 1953 858 2017 ingenii
880 1955 931 2003 vim
952 1961 976 2004 et
993 1954 1093 2018 poesios
1116 1958 1302 2018 praestantiam,
1325 1956 1370 2004 sed

112 2011 234 2061 dentibus
245 2012 359 2061 inimloes
370 2017 568 2076 pmStementem
580 2011 628 2073 Eq'
641 2023 689 2071 5²3
764 2033 871 2082 eundem
882 2033 1098 2082 acerbissimorum
1105 2031 1269 2083 didieriorum
1277 2034 1371 2084 aculeis

192 2109 240 2154 εἳτα
248 2111 382 2164 Κρατίνου
394 2111 525 2164 μεμνημένος
534 2111 556 2155 ds
565 2111 637 2217 πολέᾧ
645 2110 723 2189 perime
764 2110 884 2160 vellicans
895 2118 919 2160 ei
930 2111 1060 2172 lacessens,
1073 2128 1097 2160 V·
1111 2124 1124 2172 5
1128 2126 1156 2174 31
1171 2127 1226 2177 sqq.

551 2191 592 2217 W
616 2191 654 2216 Mi

138 2238 174 2283 dul
184 2239 227 2282 τῶν
237 2238 326 2292 εἶφελιθν
337 2238 413 2281 πεδίων
421 2237 475 2291 ε’ρριι
489 2237 525 2279 καὶ
536 2238 574 2288 τῆς
582 2192 723 2282 “enaddan-

418 2360 420 2365 .
549 2302 647 2353 W*

139 2366 213 2420 ἐφόρει
221 2366 258 2412 τοῖς
267 2366 315 2420 δρῦς
324 2364 360 2408 καὶ
369 2363 406 2411 τοὶς
415 2364 533 2409 πλατάνους
541 2365 576 2405 καὶ
584 2362 723 2416 τοὺςὶχθροθς
783 2400 793 2412 .
848 2400 854 2415 ,
1097 2404 1106 2416 ,
1156 2402 1162 2419 ,
1237 2406 1242 2420 ,
1302 2403 1312 2421 ,

551 2428 715 2479 προθελύμνους,
764 2400 945 2453 τωνθορμονιιιν
957 2402 1127 2456 θεοχιισκουσων“
1148 2404 1205 2445 αλλὰ
1217 2419 1284 2482 γερων
1296 2419 1373 2445 ωνπσ·

114 2519 273 2584 dignumque
295 2519 355 2569 dicit
378 2525 480 2584 propter
502 2525 639 2583 reportatas
662 2516 722 2567 olim
763 2525 834 2581 simp
847 2527 937 2577 Κοννᾶς,
945 2522 1053 2580 στέφανον
1060 2527 1163 2582 μὲνέχων
1174 2482 1310 2582 οὓοθλθπθ
1319 2528 1372 2571 ἀπο·

114 2597 237 2648 vitiorias
245 2600 288 2664 qui
300 2602 326 2647 in
336 2600 459 2663 Prytaneo
471 2599 542 2647 bibat
553 2604 578 2646 et
590 2595 723 2661 unguentis
1222 2592 1302 2640 λωλιὶς,

114 2677 243 2726 delibutus
255 2677 434 2740 Dionysiorum
451 2674 600 2740 spediaculis
614 2674 719 2723 intersit.
763 2656 788 2698 ὃν
796 2657 850 2710 ’‘Pi''
858 2655 892 2698 Μ
904 2655 942 2702 ⁷⁰³⁹
954 2657 1054 2709 πθθτθθς
1066 2655 1124 2702 Μ’
1135 2655 1206 2698 '‘⁹³‘'
1220 2656 1243 2697 ἐν
1254 2657 1284 2709 ⁷¹¹3
1295 2671 1372 2709 ''W“

115 2751 207 2803 Didiio
219 2755 271 2811 eius
288 2760 418 2818 troporum
429 2752 566 2801 luminibus
578 2751 722 2800 collustrata

115 2839 170 2882 erat
180 2838 205 2880 et
216 2831 295 2895 lyrico
304 2831 414 2894 quodam
423 2829 506 2878 colore
515 2825 602 2887 tindia,
614 2828 723 2876 maxime

114 2909 142 2957 in
153 2908 251 2957 melicis
267 2906 407 2956 fabularum
424 2901 544 2971 pastibus,
559 2920 623 2970 quae
639 2904 720 2967 dithy.
765 2889 825 2938 Non
850 2888 906 2938 tulit
924 2888 1069 2938 Cratinus
1090 2887 1139 2938 hoc
1158 2888 1306 2950 convicium,
1327 2889 1372 2938 sed

115 2986 254 3035 rambicam
275 2985 406 3033 audaciam
428 2983 556 3047 spirabant
576 2998 723 3045 summoque
764 2984 830 3017 ³11ss0
851 2974 969 3031 sequente
985 2965 1109 3017 lafiffl'um
1125 2970 1152 3015 11¹
1169 2965 1369 3027 sedlfleflfflllm

113 3060 231 3112 omnium
242 3060 326 3109 studio
337 3059 518 3123 expetebantur
529 3068 553 3108 et
565 3059 591 3107 in
603 3059 723 3108 conviviis
765 3045 942 3096 contumeliam
961 3046 1058 3095 ulturus
1079 3045 1144 3094 Vires
1161 3045 1232 3109 quasi
1252 3052 1372 3095 veterano

115 3139 279 3199 canebantur,
295 3139 343 3202 Eq.
359 3135 405 3201 526
765 3125 874 3189 quodam
893 3139 922 3173 ac
941 3138 1032 3187 sopore
1052 3124 1153 3172 obrutas
1170 3123 1371 3173 resuscitavit³et

116 3228 121 3235 ·
137 3228 219 3283 ,cm-3.
228 3238 266 3281 oux
280 3236 306 3290 ἣν
318 3237 342 3280 ι,ν
355 3236 483 3289 mm,
496 3234 552 3290 πλὴν
566 3239 573 3260 ,
579 3236 649 3289 Δωροῖ
661 3250 724 3281 m
764 3202 791 3250 in
801 3203 891 3265 Pytine
901 3201 993 3262 sabula,
1007 3201 1099 3265 insigni
1116 3207 1218 3265 vegetae
1233 3196 1371 3250 senectutis

120 3314 123 3319 <
553 3299 639 3349 uitae:
763 3287 790 3330 et
801 3278 889 3332 invidi
901 3281 997 3329 roboris
1014 3280 1172 3340 documento,
1187 3279 1281 3344 ingenii
1292 3279 1372 3329 aciem

141 3365 179 3409 καὶ
193 3365 299 3409 ’τέκτονες
314 3362 443 3416 εὐπαλάμων
457 3362 541 3416 ripuar:
554 3363 618 3408 οὕτως
633 3362 726 3417 ἤνθησαν
765 3357 792 3407 ln
803 3358 1000 3422 Aristophanem
1012 3358 1119 3418 strinxit,
1129 3373 1235 3422 eumque
1246 3363 1300 3407 tum
1311 3357 1372 3406 allo·

524 3444 527 3448 *
554 3425 637 3472 ἐκεῖνος.
765 3452 821 3485 rum
838 3436 969 3484 criminum
986 3436 1147 3495 insimulavit,
1161 3443 1215 3484 tum
1233 3436 1302 3500 quud
1320 3437 1371 3484 Eu·

114 3520 189 3568 Hinc
200 3520 268 3569 idem
279 3536 336 3569 eum
349 3519 506 3581 ταυροφάγου
516 3519 578 3567 dixit
591 3519 657 3567 Ran.
667 3528 723 3580 357,
765 3513 859 3578 polidis
870 3513 959 3562 scrinia
976 3515 1002 3560 in
1020 3513 1109 3563 fabulis
1127 3513 1263 3563 scribendis
1279 3513 1373 3576 expila-

116 3599 161 3646 ubi
172 3597 259 3660 lingua
270 3598 353 3647 lavere
364 3604 388 3646 et
406 3597 462 3646 loco
474 3595 562 3645 cedere
573 3595 641 3644 iubet
659 3610 733 3657 mysg
763 3590 836 3639 verit.
874 3589 950 3637 Hanc
972 3588 1015 3637 ille
1037 3589 1148 3637 fabulam
1172 3596 1242 3638 tanto
1260 3589 1373 3638 omnium

114 3681 200 3724 tarum
213 3675 303 3723 chorus
315 3660 339 3725 et
355 3675 418 3723 alios
435 3681 459 3723 et
473 3674 624 3739 quicumque
640 3672 724 3721 Musa·
764 3665 855 3729 plausu
878 3665 971 3724 docuit,
997 3672 1026 3714 ut
1053 3665 1163 3714 iudicum
1192 3667 1320 3714 sententiis
1347 3673 1373 3715 et

115 3767 173 3800 rum
185 3750 261 3815 orgiis
273 3766 324 3799 non
335 3750 446 3800 initiatus
457 3753 488 3799 sit
504 3751 566 3810 μηδὲ
578 3749 726 3811 Κρατίνου
767 3742 942 3806 Aristophanis
960 3741 1075 3790 Nubibus
1093 3748 1118 3790 et
1140 3743 1225 3791 Canna
1242 3742 1374 3805 Amipsiae

115 3830 161 3877 τοῦ
177 3825 336 3891 ταυροφάγου
351 3829 465 3890 γλώττης
480 3824 580 3890 βακχεῖ’
599 3826 724 3885 ἐτελέσθη,
765 3821 905 3885 praemium
921 3819 1082 3884 praeriperet.
1119 3819 1219 3867 Partem
1234 3822 1374 3882 argumenti

115 3906 142 3955 h.
152 3922 176 3954 e.
199 3908 244 3970 qui
267 3905 475 3968 dithyrambicam
499 3903 620 3952 Cratini
637 3905 725 3967 poesin
766 3901 873 3949 servavit
901 3897 1034 3947 Scholiast.
1060 3897 1146 3962 Equit.
1172 3910 1228 3961 399.
1273 3896 1373 3947 Scilicet

115 3983 185 4031 haud
194 3984 354 4046 cognoverit;
368 3983 460 4032 etenim
468 3988 565 4030 taurum
574 3979 726 4044 dithyrambi
766 3974 923 4025 comoediam
935 3977 1078 4038 ingeniosus
1095 3982 1171 4039 poeta
1187 3989 1290 4023 uxorem
1302 3988 1373 4022 suam

116 4063 259 4124 praemium
270 4060 345 4109 luisse
356 4068 443 4109 notum
456 4069 501 4109 est.
528 4060 559 4106 In
570 4059 726 4107 inveniendis
764 4069 820 4102 esse
843 4052 955 4113 finxerat,
980 4053 1024 4102 sed
1047 4053 1183 4102 divortium
1206 4067 1263 4100 cum
1282 4050 1373 4100 marito

764 2212 811 2254 νυνὶ
819 2212 836 2253 δ’
844 2211 904 2263 ὑμεῖς
912 2212 976 2254 αὐτὸν
983 2212 1071 2259 ὁοόντες
1077 2214 1229 2266 παραληροῦντ’
1237 2212 1275 2256 orior
1284 2214 1369 2264 ἐλεεῖτε,

766 2274 913 2317 ἐκπιπτουσῶν
929 2275 971 2318 τοῖν
987 2275 1093 2329 ἠλέκτρων
1109 2277 1146 2319 καὶ
1165 2278 1202 2320 τοῦ
1225 2279 1288 2320 τόνου
1305 2278 1372 2321 οὐκέτ*

1221 2339 1304 2386 ἐνόντος

1233 2736 1242 2760 f
1269 2749 1276 2766 α

764 2783 799 2826 καὶ
805 2782 834 2836 μή
840 2781 975 2838 ληρςῖνι’λλὰ
980 2783 1068 2826 θεᾶσθαι
1074 2784 1164 2836 λιπαρὸν
1170 2736 1369 2838 παρέτιιῖΔιονθσηὶ.

37 4158 43 4179 ι
117 4137 334 4202 disponendisque
351 4137 492 4186 fabularum
504 4135 655 4200 argumentis
667 4151 726 4198 qua·
767 4129 890 4180 iadiuram
903 4138 929 4180 et
945 4133 1072 4181 κακώσεως
1088 4130 1158 4178 litem
1175 4128 1198 4177 ei
1213 4129 1372 4192 intenturam,

116 4214 148 4264 lis
160 4214 234 4264 suerit
250 4214 325 4264 <locet
342 4214 471 4264 Platonius
489 4215 506 4263 Ι,
517 4214 536 4263 l.
552 4229 577 4276 p.
590 4223 672 4260 xxvlr
692 4213 727 4260 ed·
769 4210 827 4271 Quo
850 4210 959 4274 cognito,
979 4208 1022 4274 qui
1044 4209 1108 4256 forte
1125 4206 1229 4255 aderant
1252 4206 1375 4255 Cratini

120 4309 210 4358 στοχος
221 4293 247 4340 ἐν
263 4293 317 4341 ταῖς
334 4292 460 4355 ἐπιβολαῖς
476 4293 525 4339 τῶν
542 4288 671 4353 δραμάτων
687 4290 728 4339 καὶ
768 4287 902 4336 familiares
922 4288 1054 4336 obsecrant
1069 4284 1206 4344 mulierem,
1221 4290 1249 4333 ut
1265 4285 1375 4350 nequid

118 4369 263 4427 διασκευαῖς,
278 4369 331 4416 εἶτα
343 4371 432 4432 προϊὼν
442 4370 482 4418 καὶ
494 4368 604 4417 διασπῶν
614 4368 658 4417 τὰς
670 4367 727 4416 ὑπο·
768 4374 861 4414 temere
872 4365 947 4415 iaciat
958 4370 983 4414 et
1000 4379 1065 4427 quae
1083 4362 1113 4412 sit
1131 4368 1215 4411 tantae
1231 4363 1377 4413 inimicitiae

118 4447 196 4520 θέσεις
216 4449 259 4497 οὐκ
282 4447 419 4499 ἀκολούθως
441 4448 534 4511 πληροῖ
550 4446 583 4495 τὰ
605 4441 725 4509 δράματα,
769 4458 855 4493 caussa
866 4448 1010 4507 ηυαετιυις.ι
1030 4439 1376 4505 Tumillagravissimeque·

723 4541 775 4595 (869)
