3262 5254
797 439 802 451 '
814 410 1024 521 Πσιθέταιροο

414 608 475 661 ’can'
486 608 567 651 iareim
578 608 687 660 προὕλισσ,

420 671 494 725 σφάγι’
507 670 563 725 ἔχων
576 670 673 723 κάμηλον
681 669 705 713 α’-

418 738 472 788 μνόν
483 735 530 789 τιν’,
542 733 568 788 ἧς
580 737 670 787 λαιμοὺς
682 735 750 787 nativ
762 735 804 778 oia·

420 802 458 854 πίρ
471 800 515 841 ποθ
528 799 644 845 οὑδυσσεὺς
657 799 744 850 duritie,

421 863 467 918 κᾷθ’
478 865 552 916 ἀνῆλθ’
564 864 621 919 αὐτῷ
633 862 725 908 κᾶτωθον

421 929 472 979 προς
484 929 508 969 τὸ
521 928 601 981 λαῖγμα
613 928 649 980 τῆς
661 928 756 980 καμήλου

420 992 530 1044 Χαιρεφῶν
541 991 554 1043 ἠ
567 990 681 1044 vtnrrqrie:⁴

262 1117 266 1121 ¹
294 1079 350 1143 hse.
363 1093 549 1144 inlabulosa
566 1095 755 1158 Sciapodum
772 1093 897 1143 natione

295 1171 379 1220 locus
398 1179 444 1221 est
464 1173 516 1221 ubi
538 1173 647 1223 illotus
671 1173 816 1222 Socrates
839 1171 897 1220 ani·

297 1264 359 1297 mas
371 1258 475 1299 evocat
489 1252 551 1310 (sive
563 1250 681 1314 ambiguo
697 1263 770 1299 sensu
782 1250 897 1298 animos

296 1326 398 1375 allicit
420 1327 534 1377 docendo
554 1327 725 1390 deletilandolr
750 1345 785 1378 eo
807 1328 898 1385 etiam

297 1404 445 1453 Pisander
461 1406 547 1453 venit
566 1405 634 1466 (nam
655 1406 687 1454 ad
709 1406 777 1454 lacus
800 1407 898 1453 animae

294 1482 394 1529 evocari
411 1481 534 1542 solebant,
554 1482 659 1533 Maxim.
673 1483 733 1546 Tyr.
755 1498 793 1542 14,
812 1483 835 1541 a)
853 1498 898 1531 cu-

295 1561 898 1624 pienssuamipseanimamvidere,quae

294 1638 381 1686 illum
404 1639 504 1687 vivum
522 1639 739 1703 videntemque
758 1640 898 1688 deserue-

294 1723 352 1764 rat:
370 1716 438 1765 venit
451 1724 535 1765 autem
548 1717 692 1766 victimae
704 1717 772 1765 loco
784 1717 899 1765 habens

294 1792 443 1841 camelum
480 1794 629 1857 quendam
657 1810 766 1857 agnum
796 1794 903 1855 (ridetur.

297 1869 390 1919 scilicet
413 1871 524 1934 corporis
546 1872 665 1930 vastitas),
693 1872 778 1920 cuius
797 1871 899 1920 fauces

296 1962 361 1996 cum
386 1948 595 2011 praecidisset,
618 1948 695 1996 sicut
725 1948 835 1997 Ulixes
863 1949 899 2010 (in

298 2025 400 2085 Odyssea
418 2036 447 2071 xr
469 2038 499 2086 23
512 2025 577 2088 sqq.)
596 2025 689 2073 abiit:
717 2032 777 2073 tum
794 2028 899 2075 extitit

296 2101 322 2149 ei
335 2101 372 2149 ab
384 2101 494 2150 inseris
505 2102 542 2149 ad
554 2101 772 2162 sacrificium(?)
791 2103 900 2152 cameli

297 2178 499 2242 Chaerephon
518 2178 573 2227 ille
596 2180 785 2243 vespertilio.
823 2181 850 2230 Si
873 2181 899 2229 d·

296 2258 423 2316 στρατείας
434 2256 540 2305 inertem
558 2257 686 2305 hominem
704 2258 856 2321 postulatum
875 2265 899 2306 et

296 2348 383 2382 caussa
403 2333 521 2382 cecidisse
543 2333 666 2397 ponimus
692 2349 744 2382 non
761 2335 846 2400 inepte
863 2336 899 2383 uti

296 2411 383 2461 licebit
406 2411 538 2475 Eupolidis
560 2411 617 2460 loeo
639 2428 669 2461 ex
689 2415 797 2474 Marica,
823 2430 898 2479 quam

295 2489 406 2538 fabulam
427 2489 469 2538 01.
490 2492 563 2537 xxxix
579 2508 595 2551 4
612 2487 697 2539 aetam
719 2507 772 2540 esse
791 2498 901 2553 constat,-

295 2568 363 2632 apud
376 2567 460 2617 Schol.
474 2568 522 2616 Av.
537 2568 584 2617 l.c.

295 2671 321 2708 A.
346 2667 410 2710 drove
422 2669 461 2711 νῦν
474 2669 633 2722 Πείσανδρος
645 2670 672 2716 ὥς
685 2671 811 2712 α’πόλλυται.

296 2735 319 2774 B.
347 2732 482 2786 δστρεβλός;
508 2738 534 2776 Α.
548 2733 592 2777 οὔκ·
604 2734 652 2776 ἀλλ’
662 2735 746 2789 ὁμέγας
754 2733 888 2780 arimannos.

296 2835 344 2884 hoc
356 2838 423 2885 enim
439 2840 579 2888 convicium
596 2839 676 2889 haesit
691 2840 787 2888 homini
798 2856 814 2888 a
828 2848 898 2888 vasta

292 2920 320 2968 ,et
343 2913 449 2962 deformi
472 2916 583 2980 corporis
606 2924 708 2974 statura,
731 2933 806 2982 quam
834 2918 897 2967 ridet

292 2991 372 3042 etiam
392 2993 548 3058 Hermippus
568 2994 611 3059 qui
629 3011 686 3044 eum
703 2997 755 3043 ὄνον
771 2997 899 3054 κανθήλιον

296 3077 369 3118 vocat
378 3069 404 3118 in
415 3072 561 3119 Pistricibus
572 3072 600 3120 sr.
614 3084 632 3119 v
644 3072 767 3136 (Meinek.
781 3085 802 3120 11
817 3074 889 3135 384l:

347 3169 443 3219 initiatae
455 3169 488 3221 δή·
503 3170 663 3222 Πείσανδρος
675 3171 687 3212 ὁ
699 3174 765 3223 μέγας
778 3171 861 3214 οὖτοσί”

347 3228 432 3282 χῶσπερ
446 3231 593 3273 Διονυσίοισιν
605 3232 655 3273 οὑπὶ
668 3235 708 3274 τῶν
723 3235 792 3282 ξύλων

348 3292 426 3337 ἐλάσας
439 3293 520 3345 ἔρεισον
533 3293 562 3338 εἷς
575 3294 624 3336 ὄνον
635 3298 753 3347 raviniana

296 3396 418 3459 ,Corporis
430 3397 538 3446 vastitati
550 3405 684 3462 cognatum
696 3400 837 3449 voracitatis
854 3415 898 3464 op·

297 3474 427 3538 probrium
449 3475 474 3523 in
497 3476 604 3545 eundern
632 3474 773 3526 coniedtum
804 3494 856 3527 esse
884 3494 899 3526 a

298 3552 379 3616 poetis
391 3553 492 3602 comicis
504 3554 577 3604 docet
587 3555 733 3605 Athenaeus
742 3569 760 3604 x
773 3573 796 3621 p.
808 3567 855 3617 415
868 3567 895 3615 D,

297 3631 341 3678 ubi
358 3630 558 3696 polyphagorum
575 3632 706 3682 hominum
722 3634 837 3698 exempla
855 3650 898 3697 ap-

298 3709 377 3773 ponit,
388 3725 444 3758 curn
455 3710 564 3772 gemello
572 3711 711 3774 Cleonymo
720 3711 898 3762 Pisandrum

297 3787 457 3850 coniungens.
494 3800 626 3837 Mutuum:
650 3791 717 3839 Hr'st.
741 3792 803 3841 Crit.
828 3794 895 3843 Com.

297 3881 322 3929 p.
343 3863 388 3923 176
400 3880 482 3929 seqq.;
505 3877 594 3914 count
611 3867 801 3931 Prosopograpk.
817 3871 898 3919 Xeno·

292 3943 380 4006 pleoni.
393 3958 419 4006 p.
434 3941 464 4004 46
476 3958 513 4007 sq.

346 4017 524 4085 Πειθέταιροςτ
550 4019 742 4070 Pithetaerus
754 4029 779 4071 et
796 4023 898 4089 Euelpi-

298 4100 342 4149 des
353 4102 379 4147 in
390 4100 496 4159 Avibus,
510 4099 575 4147 cives
588 4099 761 4160 Athenienses
776 4106 899 4166 emigrant

298 4177 413 4237 Athenis,
436 4192 541 4241 quarum
558 4176 626 4240 leges
645 4185 670 4225 et
687 4193 769 4227 mores
782 4180 896 4241 oderunt,

299 4250 439 4300 molliorem
461 4253 509 4302 sibi
537 4254 623 4302 sedem
646 4253 793 4316 quaesituri:
816 4256 847 4305 de
869 4274 899 4306 ea

298 4328 448 4378 invenienda
458 4338 485 4379 ut
495 4330 626 4381 consulant
639 4332 756 4396 Epopem
768 4333 811 4396 qui
822 4334 898 4398 pluri·

300 4420 353 4452 mas
365 4406 476 4468 regiones
484 4409 656 4472 pervolaverit,
668 4411 781 4474 auspices
799 4428 857 4462 aves
872 4414 898 4462 in

938 614 1013 659 mand
1030 615 1150 666 tenentes,
1164 612 1300 658 canistrum
1319 608 1440 658 oilamet
1457 608 1545 657 verbe·

939 703 992 747 nas,
1006 696 1108 751 petrosa
1118 687 1173 736 loca
1187 686 1333 746 ascendunt,
1350 701 1438 748 1-53,
1461 685 1547 735 Adve-

938 765 1064 817 nientibus
1088 780 1151 829 puer
1172 765 1270 828 Epopis
1286 764 1419 813 Trochilus
1442 764 1547 812 audien·

938 846 998 892 tiam
1010 848 1088 906 parat,
1100 858 1156 891 eum
1168 858 1194 890 se
1202 857 1261 890 aves
1272 858 1325 890 esse
1331 841 1424 901 dicant,
1438 854 1545 905 54—91.

939 920 1032 984 Epopi,
1047 927 1072 969 et
1083 920 1131 983 ipsi
1143 919 1204 968 olim
1215 920 1319 980 homini,
1340 926 1470 983 exponunt
1488 934 1549 982 qua·

940 997 989 1046 lem
1002 997 1104 1061 cupiant
1113 997 1207 1053 sedern,
1219 996 1282 1044 nihil
1293 996 1425 1059 agentibus
1437 996 1550 1045 iucunda

939 1075 1025 1123 omnia
1036 1075 1101 1123 ultro
1112 1074 1268 1134 oblaturam3
1285 1075 1329 1123 sed
1337 1074 1472 1138 displicent
1485 1090 1551 1137 quas

940 1152 983 1202 ille
1008 1155 1141 1216 proponit3
1165 1152 1244 1214 magis
1261 1151 1344 1215 placet
1371 1151 1457 1200 avium
1485 1151 1549 1210 vita,

939 1228 1062 1295 92-161.
1098 1230 1168 1278 Hine
1184 1230 1267 1278 subito
1278 1245 1398 1292 magnum
1413 1228 1550 1278 consilium

940 1306 1027 1355 incidit
1051 1306 1200 1365 Pithetaero,
1228 1312 1256 1354 ut
1278 1306 1354 1355 missa
1377 1306 1551 1354 inconstantia

940 1398 999 1431 aves
1031 1384 1119 1431 urbem
1144 1383 1255 1431 condant
1276 1385 1302 1430 in
1324 1383 1450 1431 immenso
1473 1386 1550 1442 aere,

941 1474 991 1523 qna
1013 1459 1114 1507 condita
1131 1466 1156 1508 et
1172 1459 1316 1507 hominibus
1333 1461 1382 1508 sint
1401 1459 1551 1523 imperaturi

940 1544 965 1585 et
977 1536 1037 1583 deos
1058 1535 1124 1587 fame
1139 1538 1301 1599 perempturi,
1318 1535 1455 1602 πόα-193.
1494 1538 1551 1585 Ad·

940 1613 1044 1662 miratus
1052 1614 1139 1676 Epops
1149 1629 1214 1673 aves,
1223 1630 1284 1677 quas
1291 1615 1428 1663 humanam
1435 1615 1550 1678 linguam

941 1692 1068 1748 docuerat,
1087 1692 1206 1741 lusciniae
1233 1694 1316 1742 uxoris
1339 1709 1388 1757 ope
1412 1702 1551 1754 convocat,

941 1769 1551 1839 advenientessingulasmiranturPithetaerus

941 1854 966 1895 et
978 1847 1122 1912 Euelpides,
1138 1862 1272 1913 194—309.
1310 1849 1334 1897 A
1352 1849 1432 1897 choro
1453 1848 1550 1896 Avium

941 1939 987 1988 pro
1008 1924 1113 1975 inimicis
1136 1932 1160 1974 et
1179 1925 1317 1989 aucupibus
1336 1941 1380 1974 eos
1400 1925 1551 1974 habentium

942 2019 1014 2066 aegre
1033 2018 1060 2052 se
1078 2003 1229 2062 defendunt3
1246 2003 1359 2052 adiutore
1378 2004 1473 2071 Epope
1497 2011 1552 2052 tan·

941 2080 999 2129 dem
1021 2080 1137 2130 induciae
1159 2088 1184 2129 et
1206 2082 1333 2130 audientia
1351 2084 1413 2145 ipsis
1435 2090 1548 2145 paratur,
1629 2090 1630 2095 ’

943 2156 1079 2220 310-461.
1109 2158 1165 2207 lam
1178 2158 1381 2208 Pithetaerus
1392 2160 1553 2209 demonstrat

942 2237 1028 2284 avibus
1054 2235 1188 2285 incredulis
1216 2237 1282 2300 ipsas
1310 2238 1467 2301 antiquiores
1496 2254 1552 2288 esse

943 2314 1050 2362 Satumo
1062 2321 1087 2363 et
1099 2323 1164 2363 terra
1169 2332 1176 2373 ;
1194 2316 1227 2363 ad
1238 2316 1305 2379 ipsas
1318 2316 1454 2379 imperium
1466 2333 1551 2366 rerum

941 2391 1053 2440 omnium
1065 2391 1196 2456 pertinere,
1213 2406 1264 2440 non
1279 2394 1313 2441 ad
1325 2394 1385 2442 deos
1398 2397 1442 2457 qui
1459 2394 1553 2443 iniuria

941 2477 1074 2531 usurpent;
1091 2470 1227 2533 perdidisse
1244 2485 1285 2519 eas
1300 2471 1433 2534 imperium
1450 2472 1553 2535 ignavia

942 2553 1048 2609 patrum,
1065 2547 1133 2610 quod
1144 2547 1206 2596 urbe
1218 2548 1319 2597 condita
1330 2550 1431 2599 tandem
1452 2551 1551 2600 restitui

942 2625 1035 2687 possit:
1056 2625 1170 2675 homines
1192 2633 1275 2675 autem
1295 2643 1355 2676 mox
1377 2628 1553 2680 intellecturos

943 2718 1000 2750 aves
1020 2718 1074 2751 esse
1091 2718 1164 2752 veros
1179 2704 1247 2764 deos,
1271 2702 1410 2767 462-625.
1447 2706 1552 2756 Pithe-

942 2787 1043 2828 taerus
1050 2780 1084 2829 rei
1095 2781 1306 2831 administrandae
1316 2782 1468 2845 praeficitur.
1487 2785 1553 2843 Alas

942 2857 1065 2921 sumpturi
1076 2858 1176 2919 abeunt,
1191 2860 1307 2909 admirati
1317 2860 1459 2922 lusciniam,
1467 2860 1553 2921 638-

942 2933 998 2996 675.
1034 2936 1160 2986 Prodeant
1172 2937 1239 2987 alati.
1253 2939 1285 2986 de
1296 2938 1343 2986 alis
1360 2940 1412 2988 suis
1428 2939 1552 2989 iocantes.

945 3013 1139 3063 Pithetaerus
1157 3032 1250 3065 nomen
1260 3017 1329 3066 urbis
1351 3017 1552 3067 Nubicuculiam

944 3093 1023 3157 ponit,
1041 3094 1179 3142 custodiam
1196 3096 1319 3144 urbanam
1338 3100 1435 3155 statuit,
1452 3098 1553 3161 legatos

946 3170 979 3218 ad
993 3170 1054 3219 deos
1066 3178 1090 3219 et
1101 3170 1214 3221 homines
1226 3173 1310 3230 mittit,
1325 3173 1474 3236 Sor-8473
1491 3174 1554 3224 hinc

944 3247 1042 3296 celebre
1059 3250 1243 3312 inaugurandae
1263 3250 1332 3299 urbis
1344 3251 1497 3301 sacrificium
1509 3269 1553 3301 au-

943 3328 1059 3392 spicatur,
1075 3331 1123 3391 848
1134 3346 1188 3394 sqq.
1226 3331 1329 3380 Poetam
1346 3348 1493 3396 pauperem,
1510 3334 1554 3398 qui

943 3404 1043 3454 advenit
1060 3421 1151 3454 novam
1168 3408 1255 3455 urbem
1273 3416 1423 3470 cantaturus,
1447 3427 1511 3476 sago
1529 3420 1555 3459 et

943 3483 1025 3532 tunica
1038 3483 1159 3533 donatum
1169 3477 1282 3546 dimittit,
1293 3502 1422 3553 904—951
1431 3507 1440 3549 ;
1457 3505 1554 3538 vanum

943 3567 968 3608 et
981 3561 1123 3611 mendicum
1137 3562 1273 3621 fatidicum,
1287 3563 1346 3614 fieta
1357 3566 1461 3615 oracula
1472 3567 1555 3617 blate-

942 3646 1046 3698 rantem,
1057 3649 1255 3705 959-991,tum
1260 3640 1554 3708 Metonemge'ometram

942 3717 1030 3765 urbem
1042 3718 1219 3777 dimensurum,
1232 3720 1293 3769 item
1306 3722 1466 3771 verberatum
1484 3725 1553 3782 eicit,

942 3808 1105 3858 992-10203
1121 3796 1288 3862 inspectorem
1300 3800 1483 3865 sycophantam
1491 3804 1554 3851 item

941 3871 1056 3920 verberat
1067 3880 1091 3921 et
1103 3873 1189 3936 abigit,
1204 3888 1294 3923 roar-
1302 3889 1362 3939 1055
1374 3896 1381 3938 ;
1394 3879 1457 3927 item
1468 3880 1555 3930 decre·

943 3957 1024 3997 torum
1042 3952 1129 4014 populi
1142 3953 1295 4003 venditorem
1308 3955 1376 4018 leges
1387 3957 1450 4021 ipsis
1468 3958 1555 4007 obtru-

942 4026 1050 4087 dentcm,
1079 4040 1247 4092 1037-1055.
1283 4031 1414 4082 Sacrificio
1436 4034 1554 4098 perfecto

942 4104 1042 4154 nuntius
1067 4115 1150 4157 narrat
1179 4108 1321 4159 Pithetaero
1337 4127 1399 4175 qua
1423 4112 1556 4163 celeritate

942 4201 1000 4235 aves
1020 4187 1204 4239 exaedificarint
1220 4205 1319 4240 murum
1330 4194 1472 4257 immensae
1482 4210 1554 4258 mag·

940 4263 1061 4312 nitudinis
1076 4273 1101 4314 et
1119 4265 1290 4330 longitudinis,
1316 4270 1372 4333 ipso
1395 4274 1507 4321 mirante
1528 4279 1554 4321 et

941 4340 1010 4390 falsis
1028 4347 1175 4394 commentis
1193 4346 1275 4396 simile
1297 4347 1434 4410 iudicante,
1455 4353 1553 4400 nra*

945 4416 1013 4479 1167.
1049 4420 1109 4469 Alio
1120 4422 1251 4472 nuntiante
1262 4424 1338 4473 deum
1349 4425 1416 4475 clam
1432 4428 1553 4479 excubias

891 4512 943 4563 (906)
