3276 5268
651 413 1122 501 Θησεῖον--Θουκυδίδης

260 602 312 646 tem
333 592 538 643 Theramenis
566 591 684 656 Xenoph.
709 591 774 641 Hell.
799 601 821 638 11
846 600 860 650 3
900 586 937 635 ’ri
959 587 1007 635 τῶν
1025 585 1119 645 σεμνῶν
1140 583 1210 634 θεῶν.
1244 581 1321 634 Unde
1341 576 1506 646 tumme,

260 675 273 733 fi
285 671 323 735 56,
340 672 467 720 Diodoms
480 680 564 731 xrvo,
578 669 668 719 Cicero
684 668 781 717 Tuscul.
796 677 858 728 140,
903 658 1114 728 Oqertoptitewp.
1129 670 1184 723 770.
1216 660 1282 709 Hor.
1297 660 1330 709 ir.
1347 673 1361 708 a
1379 657 1510 722 κράτιστόν

261 751 376 800 Valerius
395 749 522 798 Maximus
540 759 574 796 111
595 763 608 796 ο
632 746 734 795 summis
748 743 861 794 certatim
903 743 957 791 terr
975 743 1000 791 ts
1015 742 1046 789 τὸ
1060 739 1186 798 θησεῖον
1199 737 1295 799 δραμεῖν
1311 738 1362 786 ἐκεῖ
1377 735 1398 785 θ’
1418 737 1462 785 ἔως
1479 734 1510 782 ἂν

260 828 377 877 laudibus
393 825 539 876 extulerunt.
555 834 701 879 ,rnrrzscn
712 823 745 872 ad
756 824 824 871 Ran.
836 837 860 870 v.
902 820 993 883 πρᾶσιν
1004 814 1108 878 εὕρωμεν
1121 817 1214 876 atreo:
1232 814 1310 864 servis
1321 814 1389 863 enim
1401 813 1444 877 qui
1456 828 1509 861 sae-

262 917 310 967 540
902 896 957 945 vius
968 895 1141 958 crudeliusque
1152 910 1168 942 a
1176 893 1284 942 dominis
1291 890 1466 946 tractarentur,
1482 890 1510 938 iu

479 978 635 1021 ΕΥΡΙΠΙΔΗΣ
903 975 1048 1039 templum
1060 974 1172 1023 Thesei
1191 972 1291 1021 aliudve
1309 971 1406 1034 asylum
1423 969 1511 1018 coniu-

261 1044 354 1097 ⁰¹lt²⁰l⁸l
368 1044 477 1096 (namnet)
491 1042 614 1095 Kl‘ffffi'
628 1056 651 1084 θ’
664 1039 700 1083 ⁸²²
714 1038 862 1093 mimmii
903 1069 961 1118 gere
978 1054 1126 1116 permissum
1142 1057 1168 1099 et
1184 1050 1355 1100 venditionem
1371 1048 1510 1112 postulare.

332 1107 447 1159 ὁκομψός·
489 1170 629 1212 Ammo}
905 1141 1062 1187 scnomnrtn
1074 1130 1153 1192 antiq.
1166 1127 1382 1191 iur.publ.gmec.
1395 1142 1420 1190 p.
1437 1124 1485 1174 188
1537 1126 1542 1132 '

263 1235 427 1287 θηραμένης,
455 1234 522 1288 σοφός
543 1231 563 1288 7·
585 1231 638 1284 ρνὴρ
659 1229 774 1275 „rom
793 1228 862 1275 te‘ei
953 1205 1069 1273 Θησεῖαι
1086 1207 1177 1256 festum
1193 1205 1219 1254 in
1237 1205 1349 1254 Thesei
1365 1204 1450 1253 herois
1466 1203 1513 1251 ho·

337 1299 412 1348 πθντι,
903 1302 997 1346 norem,
1022 1285 1066 1350 qui
1088 1285 1190 1334 vicatim
1208 1284 1350 1332 habitantes
1372 1282 1399 1330 in
1420 1281 1510 1330 urbem

262 1359 285 1405 te
298 1359 325 1412 ἣν
338 1360 411 1405 κακοῖο
423 1376 463 1402 ²⁰⁹
476 1361 579 1413 “awini
594 1358 630 1400 mr
644 1359 737 1411 πλησίον
753 1357 850 1432 tfftwnl
904 1364 1013 1428 collegit,
1023 1361 1119 1424 octavis
1131 1362 1254 1417 mensium
1262 1361 1422 1411 celebratum.
1442 1359 1510 1407 Plut

262 1427 369 1467 nimum
377 1425 416 1474 ἔξω
430 1425 470 1466 '¹⁵⁹
483 1424 552 1466 Μῶν
563 1423 588 1465 οὗ
606 1424 656 1468 3²⁰⁶
669 1423 726 1464 “m
742 1425 812 1466 ΚΜ·
904 1440 960 1504 6ο7,
983 1439 1002 1490 ὦ
1020 1442 1127 1490 πλεῖστα
1147 1440 1285 1499 enceinte
1306 1437 1514 1498 μεμυστιλημένοι

263 1517 414 1581 Opinionem
436 1516 654 1580 grammaticorum
682 1516 715 1565 de
742 1514 864 1563 sententia
904 1519 1014 1580 γέροντες
1028 1518 1110 1579 ἇνδρες
1125 1513 1310 1577 ἐπ’·ὀλιγίοτοις
1326 1513 1476 1574 moruch
1489 1529 1511 1563 e.

261 1594 350 1643 horum
370 1595 502 1643 verborum
521 1592 627 1657 explosit
645 1591 799 1652 Dindorfius,
820 1593 863 1655 qui
903 1611 956 1644 vos
968 1609 1064 1655 senes,
1075 1595 1127 1658 qui
1138 1593 1326 1642 Theseorum
1338 1591 1387 1640 die
1398 1593 1513 1653 saepis·

261 1672 310 1720 hoc
334 1671 416 1720 <licere
435 1679 536 1734 poetam
559 1677 643 1720 censet
662 1670 863 1719 ‘Theramenem
904 1675 978 1722 sime
998 1684 1106 1736 epane
1124 1678 1230 1720 cavato
1246 1669 1395 1719 hausistis
1411 1670 1512 1718 iuscu-

262 1749 363 1812 ingenio
374 1756 426 1796 tam
437 1755 536 1796 versuto
548 1754 649 1807 esse,.ut
663 1763 720 1796 cum
731 1747 863 1810 improbis·
905 1750 965 1799 lum
989 1765 1054 1799 cum
1082 1749 1244 1798 admodum
1271 1747 1393 1796 modico
1421 1761 1512 1809 pane.

263 1827 416 1885 simusesset‚
427 1825 588 1889 probissimus
596 1825 728 1876 videretur.
740 1825 862 1874 Chiorum
905 1829 996 1878 Dicere
1032 1828 1086 1876 vult
1114 1828 1191 1877 Cario
1218 1825 1361 1885 ‘Antehac
1393 1825 1513 1888 quotiens

262 1906 329 1952 enim
341 1906 427 1952 civitas
442 1902 509 1950 mala
523 1902 590 1950 fama
603 1902 740 1960 laborabat,
755 1901 864 1950 Ceorum
905 1906 1016 1955 Thesei
1032 1906 1111 1956 iesto
1123 1903 1325 1963 convivaremini,
1339 1909 1444 1966 propter
1455 1914 1514 1964 ege·

264 1982 331 2031 clara
345 1989 397 2032 erat
409 1989 433 2030 et
445 1997 542 2030 morum
558 1981 684 2045 probitate
704 1987 729 2029 et
745 1979 781 2030 rei
800 1978 863 2042 pub·
905 1991 995 2033 statem
1006 1985 1087 2048 parcis
1099 1982 1161 2032 cibis
1171 1981 1325 2041 utebamini3
1341 1995 1409 2028 nunc
1424 1987 1513 2030 autem

263 2058 569 2108 licaeadministratione.’
603 2059 698 2108 Contra
715 2056 863 2105 Fritzschius
904 2061 976 2110 vobis
994 2077 1044 2109 non
1064 2062 1167 2110 deerunt
1187 2060 1243 2119 cibi,
1267 2059 1326 2122 quia
1348 2061 1398 2106 iam
1423 2056 1514 2105 Plutus

262 2152 383 2200 perquam
394 2136 515 2184 absonam
526 2136 586 2184 dicit
597 2135 662 2184 hanc
673 2134 863 2199 explicationem
903 2139 981 2198 videt,
994 2138 1037 2202 qui
1054 2138 1143 2187 ditabit
1160 2153 1246 2186 omnes
1263 2137 1350 2195 bonos,
1366 2150 1431 2199 quos
1442 2142 1514 2184 ante·

264 2217 402 2278 respicique
429 2220 502 2279 putat
524 2214 556 2262 ed
578 2212 738 2277 proverbium
761 2213 788 2261 ori
806 2212 864 2261 Χῖος
904 2214 952 2263 hac
963 2230 1014 2263 non
1026 2220 1124 2279 poterat
1137 2213 1267 2262 invenire!
1284 2224 1413 2260 uEnGLnR

264 2293 331 2341 ἀλλὰ
349 2292 423 2353 Κῷος,
437 2292 468 2340 de
488 2307 538 2355 quo
557 2292 618 2340 citat
633 2290 704 2338 ohel.
725 2290 823 2338 Platon.
839 2304 863 2352 p.
954 2289 1072 2357 qu-rtis:
1090 2292 1119 2341 tir
1129 2292 1195 2350 μέγα
1208 2293 1324 2339 δύνασθον
1335 2291 1468 2350 πανταχοῦ
1478 2290 1514 2338 rb

266 2383 341 2432 3201}
359 2372 443 2424 τῶνδὲ
459 2371 541 2434 βὸλων
558 2370 571 2419 d
587 2370 631 2428 μὲν
645 2370 678 2418 rd
695 2370 721 2428 ἐξ
739 2365 865 2426 δυνάμενος
905 2368 943 2420 δύ’
953 2371 1042 2432 ὀβολώ·
1068 2371 1118 2418 πῶς
1129 2370 1235 2428 ἠλθέτην
1246 2369 1358 2427 κάιεῖοε;
1376 2368 1515 2417 sciscitanti

265 2448 335 2511 Koios
345 2450 385 2496 rat
403 2449 481 2508 ἑξέτης
492 2449 602 2509 ἐλέγετο,
616 2447 676 2496 Χῖος
686 2447 713 2494 δὲ
723 2446 737 2495 d
748 2446 777 2493 τὸ
789 2445 814 2492 ἓν
826 2445 864 2492 καὶ
905 2448 1020 2511 Dionyso
1031 2446 1165 2510 respondet
1177 2447 1300 2496 Heracles
1317 2447 1433 2504 θηοεύς
1450 2448 1514 2507 oya·

265 2528 333 2576 rior.
351 2527 452 2586 λέγεται
460 2527 486 2574 δέ
497 2543 533 2575 τις
542 2526 580 2573 tal
588 2523 705 2586 παροιμία
713 2522 864 2580 ἅπὸτούτον,
904 2545 948 2590 'W
960 2529 1023 2577 Ran,
1041 2541 1094 2588 ψ,
1128 2527 1241 2575 Theseus
1259 2542 1315 2575 cum
1334 2526 1449 2575 Pirithoo
1467 2542 1514 2591 suo

265 2606 313 2654 οἷον
334 2605 342 2630 ‘
349 2605 409 2656 Χῖος
430 2605 558 2668 παραστὰς
581 2603 652 2663 Κῷον
671 2604 714 2651 oris
736 2598 819 2659 ttioru'
841 2606 866 2649 et
904 2614 978 2670 raptu
999 2604 1183 2668 Persephonem
1203 2602 1343 2652 abdudiuro
1363 2604 1396 2651 ad
1420 2603 1515 2653 inferos

207 2747 210 2755 ,
265 2683 570 2747 Eustathiumpp.1289,
593 2678 625 2742 63
645 2688 670 2729 et
693 2690 764 2743 1397,
785 2692 818 2739 40
841 2685 866 2727 et
906 2683 1064 2733 descendisse
1087 2683 1195 2732 creditus
1217 2690 1262 2731 est.
1306 2682 1337 2730 In
1359 2681 1398 2731 his
1428 2689 1514 2731 autem

264 2759 371 2823 1462,45
380 2777 436 2810 cum
449 2761 551 2809 Polluce
562 2760 587 2807 ix
596 2773 650 2819 100,
664 2758 698 2806 vii
715 2771 770 2817 204.
786 2756 863 2804 ‘Hoc
905 2761 988 2810 verbis
1005 2761 1117 2819 θησεύς
1133 2762 1228 2821 ἤγαγεν
1238 2766 1295 2808 sunt
1307 2762 1351 2824 qui
1365 2766 1456 2824 putent
1469 2761 1515 2808 Pe.

262 2834 337 2902 igitur
347 2837 490 2902 proverbio'
502 2838 578 2887 verba
588 2837 665 2901 ipsius
677 2843 734 2885 sunt
748 2837 863 2884 ‘necesse
906 2838 991 2888 riclem
1003 2836 1121 2900 intellegi,
1135 2837 1257 2885 mercedis
1269 2820 1414 2885 iudicidrr'ae
1426 2834 1516 2886 audio·
1537 2888 1544 2893 ,

263 2924 300 2965 est
311 2916 438 2966 hominem
449 2931 548 2979 semper
558 2914 655 2964 felicem
667 2912 780 2971 describi,
795 2915 838 2975 qui
849 2926 864 2960 e
906 2931 966 2975 rem,
981 2915 1099 2964 Theseo
1110 2915 1195 2965 multis
1207 2916 1281 2964 rebus
1292 2914 1446 2977 persimilem

264 2994 352 3057 quovis
364 2993 473 3057 periculo
485 2992 590 3040 evadere
604 2991 691 3039 soleat.
726 2989 863 3052 Aptissime
956 2992 1039 3047 Θθιιςι
1058 2995 1161 3043 ἐνταῦθα
1173 2992 1193 3043 θ’
1211 2995 1360 3057 enormem
1373 2993 1516 3055 Ὑψιπύλης

263 3072 339 3135 igitur
357 3071 405 3119 hoc
419 3071 455 3119 ita
476 3070 553 3118 utitur
571 3068 699 3127 Comicus,
714 3074 742 3116 ut
764 3082 810 3130 pro
833 3081 863 3114 eo
907 3069 1006 3136 rurhpl
1026 3071 1101 3120 θθος
1118 3073 1270 3134 βραδύνατος
1287 3070 1321 3118 riv
1339 3072 1364 3119 ἐν
1379 3071 1517 3132 ἀνθρώπως

265 3150 332 3198 dicat
350 3147 377 3196 oi
392 3149 451 3196 Χῖος
467 3149 533 3195 ἀλλὰ
552 3147 630 3205 Κεῖος,
645 3152 776 3209 propterea
783 3144 863 3207 ‘quod
907 3151 1004 3209 δραμεῖν
1021 3150 1110 3198 Lemn.
1129 3149 1159 3198 ir.
1178 3161 1200 3197 11
1221 3150 1265 3198 ubi
1288 3148 1426 3211 Berglrius:
1448 3149 1515 3197 ‘non

265 3225 448 3273 Theramenem
458 3236 510 3271 non
521 3222 602 3270 solum
613 3229 642 3271 ut
651 3222 779 3270 hominem
790 3221 863 3270 nimis
907 3228 1010 3291 illepide
1038 3228 1228 3292 An‘stophanes,
1254 3243 1311 3276 cum
1339 3227 1515 3276 Thoantem
1599 3256 1600 3275 2

264 3301 362 3350 felicem
382 3301 461 3349 ridere
476 3299 543 3359 velit,
558 3300 602 3349 sed
618 3301 693 3349 etiam
709 3306 737 3348 ut
753 3306 863 3349 exterum
907 3303 1074 3352 tardissimum
1097 3303 1209 3351 omnium
1231 3303 1348 3367 appellat,
1370 3318 1517 3367 nomenque
1599 3298 1600 3363 i

265 3378 450 3441 atqueCeum.
488 3376 635 3426 Simihterri
653 3379 737 3437 Μανῆς
756 3377 864 3440 explicat
906 3380 1014 3428 hominis
1032 3381 1132 3443 ingenio
1152 3383 1283 3429 convenire
1301 3387 1383 3443 negat,
1404 3381 1516 3443 tragico·

266 3454 333 3502 idem
351 3470 382 3502 cx
393 3454 523 3517 Hesychio
537 3470 556 3504 s.
567 3471 606 3503 vv.
620 3452 706 3514 Μάνης
722 3462 746 3504 et
759 3453 864 3516 Μάγνης
907 3474 962 3507 rum
979 3458 1184 3507 consuetudinem
1204 3458 1275 3516 ridet,
1289 3456 1333 3520 qui
1349 3472 1424 3505 omen
1442 3458 1517 3521 quasi

266 3532 344 3596 (quod
356 3546 386 3580 ex
402 3530 447 3579 illo
464 3538 606 3596 corruptum
622 3548 675 3581 esse
686 3532 784 3601 iudicat
804 3532 863 3581 Por·
906 3537 1033 3600 quoddam
1044 3538 1071 3585 in
1082 3538 1138 3602 ipso
1146 3537 1247 3599 nomine
1258 3536 1377 3600 indagare
1388 3537 1516 3599 solebant,

265 3622 340 3658 sonus
357 3610 384 3657 iu
402 3614 450 3657 not.
460 3610 533 3669 ined.)
551 3617 576 3658 et
592 3609 694 3659 Polluce
708 3609 749 3658 vii.
771 3624 818 3670 204
832 3609 865 3657 de
906 3615 1119 3677 quemadmodum
1135 3615 1193 3663 iecit
1209 3614 1342 3678 Euripides
1355 3616 1381 3661 in
1397 3613 1446 3663 hoc
1458 3614 1516 3679 ipso

264 3688 353 3740 talario
370 3688 437 3747 ludo,
454 3695 482 3736 ui
498 3688 579 3736 valeat
598 3688 709 3737 infelix
730 3687 862 3737 aleator.
906 3693 1028 3743 vocabulo
1040 3695 1094 3757 [ph.
1113 3695 1189 3742 Taur.
1203 3710 1226 3741 v.
1241 3707 1287 3754 31:
1304 3690 1334 3740 orl
1349 3694 1395 3754 γῆς
1411 3693 1517 3741 ἀνάσσει

266 3768 370 3831 Opponi
380 3766 456 3829 igitur
464 3766 805 3829 sibiinvicemMegaenetum
813 3767 863 3814 Ae·
905 3771 1050 3833 βαρβάροισι
1072 3770 1289 3833 βάρβαροςθθος
1315 3771 1341 3818 is
1363 3771 1426 3817 ὠκὺν
1448 3771 1517 3819 πόδα

264 3845 342 3908 schyli
365 3843 520 3907 discipulum,
538 3842 662 3892 infelicem
676 3843 819 3903 aleatorum,
840 3849 864 3891 et
906 3849 978 3897 micis
989 3850 1041 3897 ἴσον
1052 3850 1148 3911 πτέροιο
1159 3850 1183 3899 ἐς
1193 3848 1288 3906 ’τοῦνομ’
1299 3849 1360 3906 ἡλθε
1375 3849 1419 3906 τῆς
1434 3849 1515 3896 roho·
1599 3854 1600 3857 ’

265 3923 489 3979 Theramenem,
506 3920 633 3983 Euripidis
650 3920 786 3981 alumnum,
800 3920 864 3969 alea·
907 3926 972 3974 reios
983 3925 1070 3987 χάρμ’

265 4008 345 4051 iorem
356 3997 549 4057 felicissimuml;
572 4000 601 4045 Τὸ
616 3999 642 4046 δὲ
652 3998 865 4059 μετπτρέφεσθαι
954 4001 1129 4068 Θουκυδίδης·
1147 4003 1268 4053 Melesiae
1281 4002 1354 4060 filius,
1370 4001 1516 4066 Alopecen.

265 4080 323 4140 nois
331 4079 359 4127 τὸ
370 4077 557 4138 μαλθακώτερον
567 4076 642 4134 δεξιοῦ
654 4074 800 4137 πρὸςθνδρός
812 4076 864 4124 ἐστι
906 4079 946 4138 sis,
971 4088 1029 4142 post
1052 4080 1167 4129 Cimonis
1189 4087 1297 4129 mortem
1319 4080 1437 4143 princeps
1459 4081 1515 4129 eius

267 4157 307 4205 καὶ
318 4157 391 4214 φύσει
402 4155 592 4217 θηρομένοος
603 4154 667 4202 Ran.
682 4165 729 4216 539
739 4168 795 4217 sqq.
905 4154 1020 4206 saetionis
1040 4174 1104 4222 quae
1123 4158 1213 4207 Pericli
1231 4158 1321 4207 infesta
1339 4165 1392 4206 erat
1410 4155 1450 4220 (ἦν
1465 4160 1517 4206 τῶν

314 4231 440 4296 Θησεῖονι
459 4234 580 4296 templum
591 4232 614 4280 Τ
619 4231 758 4280 heseiubi
768 4230 864 4295 asylum
906 4236 987 4282 καλῶν
999 4238 1038 4282 καὶ
1051 4237 1200 4297 ἀγαθῶνκαὶ
1212 4238 1328 4284 πλεῖστον
1345 4236 1515 4284 θντεπολιτεθ·

266 4325 317 4374 quo
326 4310 501 4373 confugiebant
517 4310 589 4370 servi,
611 4309 775 4373 Equit.1320
792 4310 864 4368 κοθῆ-
906 4329 969 4361 οοιτο
985 4313 1022 4374 τῷ
1042 4315 1159 4374 Περικλεῖ
1173 4315 1260 4376 χρόνον
1280 4314 1405 4363 Plutarch.
1419 4314 1510 4363 Pericl.

266 4388 323 4443 σθοθ
334 4404 375 4449 μοι
394 4388 459 4436 δοκεῖ
474 4388 542 4436 ieri
561 4387 688 4447 θηοεῖον
705 4387 827 4436 πλεούσας
847 4385 863 4446 ἥ
907 4404 928 4438 c.
945 4392 968 4451 8,
986 4405 1023 4452 11,
1046 4391 1127 4445 Grote
1144 4391 1201 4441 trist.
1210 4407 1253 4455 gr.
1265 4403 1295 4440 vl
1307 4407 1333 4456 p.
1349 4407 1378 4444 οι,
1389 4392 1439 4455 sq.)
1457 4390 1516 4455 plus

859 4484 914 4536 (836)
