<?xml version="1.0" encoding="UTF-8"?>
<!DOCTYPE html PUBLIC "-//W3C//DTD XHTML 1.0 Transitional//EN"
    "http://www.w3.org/TR/xhtml1/DTD/xhtml1-transitional.dtd">
<html xmlns="http://www.w3.org/1999/xhtml" xml:lang="en" lang="en">
 <head>
  <title>
</title>
<meta http-equiv="Content-Type" content="text/html;charset=utf-8" />
  <meta name='ocr-system' content='tesseract 3.04.00' />
  <meta name='ocr-capabilities' content='ocr_page ocr_carea ocr_par ocr_line ocrx_word'/>
</head>
<body>
  <div class='ocr_page' id='page_1' title='image "./onomasticonaris00holdgoog_0056.png"; bbox 0 0 3276 5268; ppageno 0'>
   <div class='ocr_carea' id='block_1_1' title="bbox 624 418 799 508">
    <p class='ocr_par' dir='ltr' id='par_1_1' title="bbox 624 418 799 508">
     <span class='ocr_line' id='line_1_1' title="bbox 624 418 799 508; baseline 0 -19"><span class='ocrx_word' id='word_1_1' title='bbox 624 418 799 508; x_wconf 70' lang='grc' dir='ltr'>Εὐριπίδης</span> 
     </span>
    </p>
   </div>
   <div class='ocr_carea' id='block_1_2' title="bbox 17 589 1334 3141">
    <p class='ocr_par' dir='ltr' id='par_1_2' title="bbox 17 589 1334 3141">
     <span class='ocr_line' id='line_1_2' title="bbox 79 589 1334 668; baseline 0.01 -29"><span class='ocrx_word' id='word_1_2' title='bbox 79 589 160 652; x_wconf 80' lang='lat' dir='ltr'>(Ran.</span> <span class='ocrx_word' id='word_1_3' title='bbox 175 590 257 652; x_wconf 71' lang='lat'>1302),</span> <span class='ocrx_word' id='word_1_4' title='bbox 270 590 375 657; x_wconf 82' lang='lat' dir='ltr'>indigna</span> <span class='ocrx_word' id='word_1_5' title='bbox 390 591 487 643; x_wconf 88' lang='lat' dir='ltr'>iudicat-</span> <span class='ocrx_word' id='word_1_6' title='bbox 497 593 565 658; x_wconf 87' lang='lat' dir='ltr'>lyrae</span> <span class='ocrx_word' id='word_1_7' title='bbox 581 593 684 654; x_wconf 86' lang='lat' dir='ltr'>honore,</span> <span class='ocrx_word' id='word_1_8' title='bbox 728 610 786 644; x_wconf 89' lang='lat' dir='ltr'>eum</span> <span class='ocrx_word' id='word_1_9' title='bbox 792 596 937 657; x_wconf 73' lang='grc' dir='ltr'>σοφώτατον</span> <span class='ocrx_word' id='word_1_10' title='bbox 943 597 1116 649; x_wconf 83' lang='lat' dir='ltr'>existimabant</span> <span class='ocrx_word' id='word_1_11' title='bbox 1125 600 1252 663; x_wconf 68' lang='lat' dir='ltr'>(Ranryr</span> <span class='ocrx_word' id='word_1_12' title='bbox 1259 602 1334 668; x_wconf 85' lang='lat' dir='ltr'>sqq),</span> 
     </span>
     <span class='ocr_line' id='line_1_3' title="bbox 78 669 1333 740; baseline 0.009 -22"><span class='ocrx_word' id='word_1_13' title='bbox 78 669 125 718; x_wconf 87' lang='lat' dir='ltr'>sed</span> <span class='ocrx_word' id='word_1_14' title='bbox 134 670 191 718; x_wconf 87' lang='lat' dir='ltr'>cani</span> <span class='ocrx_word' id='word_1_15' title='bbox 201 669 270 719; x_wconf 89' lang='lat' dir='ltr'>iubet</span> <span class='ocrx_word' id='word_1_16' title='bbox 279 670 326 718; x_wconf 91' lang='lat' dir='ltr'>sub</span> <span class='ocrx_word' id='word_1_17' title='bbox 335 671 430 734; x_wconf 86' lang='lat' dir='ltr'>crepitu</span> <span class='ocrx_word' id='word_1_18' title='bbox 438 678 564 732; x_wconf 90' lang='lat' dir='ltr'>testarum,</span> <span class='ocrx_word' id='word_1_19' title='bbox 572 673 687 727; x_wconf 82' lang='lat' dir='ltr'>abiectis·</span> <span class='ocrx_word' id='word_1_20' title='bbox 728 688 785 722; x_wconf 85' lang='lat' dir='ltr'>cum</span> <span class='ocrx_word' id='word_1_21' title='bbox 794 689 880 723; x_wconf 86' lang='lat' dir='ltr'>revera</span> <span class='ocrx_word' id='word_1_22' title='bbox 889 675 1023 737; x_wconf 77' lang='grc' dir='ltr'>πανοῦργος</span> <span class='ocrx_word' id='word_1_23' title='bbox 1034 683 1098 725; x_wconf 85' lang='lat' dir='ltr'>esset</span> <span class='ocrx_word' id='word_1_24' title='bbox 1107 677 1182 739; x_wconf 83' lang='lat' dir='ltr'>(Rau.</span> <span class='ocrx_word' id='word_1_25' title='bbox 1197 680 1236 739; x_wconf 85' lang='lat'>80,</span> <span class='ocrx_word' id='word_1_26' title='bbox 1249 680 1333 740; x_wconf 75' lang='lat'><strong>1520).</strong></span> 
     </span>
     <span class='ocr_line' id='line_1_4' title="bbox 78 747 1332 820; baseline 0.01 -27"><span class='ocrx_word' id='word_1_27' title='bbox 78 747 138 805; x_wconf 83' lang='lat' dir='ltr'>slmi</span> <span class='ocrx_word' id='word_1_28' title='bbox 150 747 309 796; x_wconf 86' lang='lat' dir='ltr'>instrumenti</span> <span class='ocrx_word' id='word_1_29' title='bbox 320 747 414 797; x_wconf 88' lang='lat' dir='ltr'><strong>musici.</strong></span> <span class='ocrx_word' id='word_1_30' title='bbox 441 748 545 798; x_wconf 86' lang='lat' dir='ltr'>Numeri</span> <span class='ocrx_word' id='word_1_31' title='bbox 557 750 624 799; x_wconf 90' lang='lat' dir='ltr'>enim</span> <span class='ocrx_word' id='word_1_32' title='bbox 635 765 686 798; x_wconf 94' lang='lat' dir='ltr'>non</span> <span class='ocrx_word' id='word_1_33' title='bbox 729 750 826 799; x_wconf 88' lang='lat' dir='ltr'>Eodem</span> <span class='ocrx_word' id='word_1_34' title='bbox 837 750 901 800; x_wconf 80' lang='lat' dir='ltr'>refer</span> <span class='ocrx_word' id='word_1_35' title='bbox 916 768 940 802; x_wconf 82' lang='lat' dir='ltr'>v.</span> <span class='ocrx_word' id='word_1_36' title='bbox 955 755 1148 815; x_wconf 76' lang='grc' dir='ltr'>κομψευριπικῶς</span> <span class='ocrx_word' id='word_1_37' title='bbox 1164 771 1211 820; x_wconf 91' lang='lat' dir='ltr'>pro</span> <span class='ocrx_word' id='word_1_38' title='bbox 1226 759 1332 819; x_wconf 76' lang='grc' dir='ltr'>κομψευ·</span> 
     </span>
     <span class='ocr_line' id='line_1_5' title="bbox 78 824 1332 896; baseline 0.009 -25"><span class='ocrx_word' id='word_1_39' title='bbox 78 826 141 872; x_wconf 91' lang='lat' dir='ltr'>satis</span> <span class='ocrx_word' id='word_1_40' title='bbox 153 824 336 879; x_wconf 85' lang='lat' dir='ltr'>conveniebant</span> <span class='ocrx_word' id='word_1_41' title='bbox 346 825 470 874; x_wconf 88' lang='lat' dir='ltr'>maiestati</span> <span class='ocrx_word' id='word_1_42' title='bbox 479 835 504 875; x_wconf 92' lang='lat' dir='ltr'>et</span> <span class='ocrx_word' id='word_1_43' title='bbox 512 826 627 890; x_wconf 84' lang='lat' dir='ltr'>dignitati</span> <span class='ocrx_word' id='word_1_44' title='bbox 639 834 686 876; x_wconf 88' lang='lat' dir='ltr'>tra·</span> <span class='ocrx_word' id='word_1_45' title='bbox 727 829 851 888; x_wconf 77' lang='grc' dir='ltr'>ριπιδικύι</span> <span class='ocrx_word' id='word_1_46' title='bbox 866 827 962 880; x_wconf 76' lang='lat' dir='ltr'>dictum</span> <span class='ocrx_word' id='word_1_47' title='bbox 980 830 1028 894; x_wconf 84' lang='lat' dir='ltr'>Eq.</span> <span class='ocrx_word' id='word_1_48' title='bbox 1040 847 1064 879; x_wconf 89' lang='lat' dir='ltr'>v.</span> <span class='ocrx_word' id='word_1_49' title='bbox 1079 832 1108 879; x_wconf 89' lang='lat'>18</span> <span class='ocrx_word' id='word_1_50' title='bbox 1120 839 1145 881; x_wconf 90' lang='lat' dir='ltr'>et</span> <span class='ocrx_word' id='word_1_51' title='bbox 1156 833 1225 896; x_wconf 87' lang='lat' dir='ltr'>quod</span> <span class='ocrx_word' id='word_1_52' title='bbox 1237 834 1332 882; x_wconf 90' lang='lat' dir='ltr'>Mnesi-</span> 
     </span>
     <span class='ocr_line' id='line_1_6' title="bbox 76 901 1334 972; baseline 0.01 -24"><span class='ocrx_word' id='word_1_53' title='bbox 76 901 193 964; x_wconf 88' lang='lat' dir='ltr'>goediae,</span> <span class='ocrx_word' id='word_1_54' title='bbox 210 902 333 953; x_wconf 82' lang='lat' dir='ltr'>sederant</span> <span class='ocrx_word' id='word_1_55' title='bbox 347 903 490 964; x_wconf 80' lang='lat' dir='ltr'>effeminati,</span> <span class='ocrx_word' id='word_1_56' title='bbox 501 903 583 965; x_wconf 88' lang='lat' dir='ltr'>soluti,</span> <span class='ocrx_word' id='word_1_57' title='bbox 598 903 686 953; x_wconf 87' lang='lat' dir='ltr'>molles</span> <span class='ocrx_word' id='word_1_58' title='bbox 727 903 814 954; x_wconf 92' lang='lat' dir='ltr'>lochus</span> <span class='ocrx_word' id='word_1_59' title='bbox 830 921 924 969; x_wconf 87' lang='lat' dir='ltr'>genero</span> <span class='ocrx_word' id='word_1_60' title='bbox 934 906 1012 956; x_wconf 89' lang='lat' dir='ltr'>obicit</span> <span class='ocrx_word' id='word_1_61' title='bbox 1031 909 1060 956; x_wconf 82' lang='grc' dir='ltr'>τὸ</span> <span class='ocrx_word' id='word_1_62' title='bbox 1071 910 1176 970; x_wconf 76' lang='grc' dir='ltr'>πρᾶγμα</span> <span class='ocrx_word' id='word_1_63' title='bbox 1187 912 1334 972; x_wconf 62' lang='lat' dir='ltr'>rouddrud</span> 
     </span>
     <span class='ocr_line' id='line_1_7' title="bbox 77 981 1332 1052; baseline 0.009 -25"><span class='ocrx_word' id='word_1_64' title='bbox 77 987 105 1028; x_wconf 93' lang='lat' dir='ltr'>et</span> <span class='ocrx_word' id='word_1_65' title='bbox 132 981 303 1040; x_wconf 73' lang='grc' dir='ltr'>ἐκλελυμένοις</span> <span class='ocrx_word' id='word_1_66' title='bbox 331 997 467 1045; x_wconf 90' lang='lat' dir='ltr'>eorumque</span> <span class='ocrx_word' id='word_1_67' title='bbox 489 982 594 1032; x_wconf 87' lang='lat' dir='ltr'>varietas</span> <span class='ocrx_word' id='word_1_68' title='bbox 616 990 686 1033; x_wconf 77' lang='lat' dir='ltr'>tanta</span> <span class='ocrx_word' id='word_1_69' title='bbox 727 981 812 1044; x_wconf 81' lang='grc' dir='ltr'>σφόδρ’</span> <span class='ocrx_word' id='word_1_70' title='bbox 823 984 850 1031; x_wconf 79' lang='grc' dir='ltr'>ἐκ</span> <span class='ocrx_word' id='word_1_71' title='bbox 860 985 960 1033; x_wconf 77' lang='grc' dir='ltr'>τοῦτοῦ</span> <span class='ocrx_word' id='word_1_72' title='bbox 970 985 1061 1046; x_wconf 88' lang='grc' dir='ltr'>τρόπου</span> <span class='ocrx_word' id='word_1_73' title='bbox 1072 986 1174 1035; x_wconf 88' lang='lat' dir='ltr'>Thesm.</span> <span class='ocrx_word' id='word_1_74' title='bbox 1184 994 1252 1051; x_wconf 78' lang='lat' dir='ltr'>93et</span> <span class='ocrx_word' id='word_1_75' title='bbox 1264 988 1332 1052; x_wconf 88' lang='lat' dir='ltr'>quod</span> 
     </span>
     <span class='ocr_line' id='line_1_8' title="bbox 17 1059 1332 1127; baseline 0.007 -22"><span class='ocrx_word' id='word_1_76' title='bbox 17 1082 22 1093; x_wconf 67' lang='grc' dir='ltr'><strong><em>ι</em></strong></span> <span class='ocrx_word' id='word_1_77' title='bbox 76 1065 142 1116; x_wconf 85' lang='lat' dir='ltr'>erat,</span> <span class='ocrx_word' id='word_1_78' title='bbox 164 1065 192 1106; x_wconf 90' lang='lat' dir='ltr'>ut</span> <span class='ocrx_word' id='word_1_79' title='bbox 210 1065 343 1122; x_wconf 90' lang='lat' dir='ltr'>propterea</span> <span class='ocrx_word' id='word_1_80' title='bbox 360 1059 540 1123; x_wconf 86' lang='lat' dir='ltr'>Euripidem</span> <span class='ocrx_word' id='word_1_81' title='bbox 557 1069 685 1124; x_wconf 90' lang='lat' dir='ltr'>comparet</span> <span class='ocrx_word' id='word_1_82' title='bbox 726 1061 780 1123; x_wconf 93' lang='lat' dir='ltr'>ipse</span> <span class='ocrx_word' id='word_1_83' title='bbox 799 1064 835 1110; x_wconf 88' lang='lat' dir='ltr'>ait</span> <span class='ocrx_word' id='word_1_84' title='bbox 857 1061 958 1111; x_wconf 84' lang='lat' dir='ltr'>Thesm.</span> <span class='ocrx_word' id='word_1_85' title='bbox 979 1074 1027 1127; x_wconf 79' lang='lat'>927</span> <span class='ocrx_word' id='word_1_86' title='bbox 1048 1064 1077 1124; x_wconf 72' lang='grc' dir='ltr'>ην</span> <span class='ocrx_word' id='word_1_87' title='bbox 1095 1065 1130 1124; x_wconf 83' lang='grc' dir='ltr'>μὴ</span> <span class='ocrx_word' id='word_1_88' title='bbox 1150 1065 1287 1126; x_wconf 62' lang='grc' dir='ltr'>τρολὶπωθ</span> <span class='ocrx_word' id='word_1_89' title='bbox 1306 1067 1332 1114; x_wconf 73' lang='grc' dir='ltr'>αἱ</span> 
     </span>
     <span class='ocr_line' id='line_1_9' title="bbox 77 1135 1331 1202; baseline 0.006 -17"><span class='ocrx_word' id='word_1_90' title='bbox 77 1151 138 1185; x_wconf 89' lang='lat' dir='ltr'>cum</span> <span class='ocrx_word' id='word_1_91' title='bbox 149 1136 247 1199; x_wconf 91' lang='lat' dir='ltr'>Cyrene</span> <span class='ocrx_word' id='word_1_92' title='bbox 255 1135 421 1187; x_wconf 80' lang='lat' dir='ltr'>famosissima</span> <span class='ocrx_word' id='word_1_93' title='bbox 432 1137 567 1186; x_wconf 89' lang='lat' dir='ltr'>meretrice.</span> <span class='ocrx_word' id='word_1_94' title='bbox 594 1137 685 1202; x_wconf 84' lang='lat' dir='ltr'>Neque</span> <span class='ocrx_word' id='word_1_95' title='bbox 725 1138 975 1200; x_wconf 77' lang='grc' dir='ltr'>μυρίοιμεμηχαναί.</span> <span class='ocrx_word' id='word_1_96' title='bbox 1012 1139 1084 1202; x_wconf 89' lang='lat' dir='ltr'><strong>Quae</strong></span> <span class='ocrx_word' id='word_1_97' title='bbox 1102 1141 1288 1192; x_wconf 88' lang='lat' dir='ltr'>criminationes</span> <span class='ocrx_word' id='word_1_98' title='bbox 1300 1158 1331 1192; x_wconf 92' lang='lat' dir='ltr'>eo</span> 
     </span>
     <span class='ocr_line' id='line_1_10' title="bbox 77 1213 1332 1284; baseline 0.006 -22"><span class='ocrx_word' id='word_1_99' title='bbox 77 1213 162 1263; x_wconf 90' lang='lat' dir='ltr'>solum</span> <span class='ocrx_word' id='word_1_100' title='bbox 181 1229 237 1262; x_wconf 88' lang='lat' dir='ltr'>eam</span> <span class='ocrx_word' id='word_1_101' title='bbox 257 1213 304 1262; x_wconf 91' lang='lat' dir='ltr'>sibi</span> <span class='ocrx_word' id='word_1_102' title='bbox 324 1213 452 1263; x_wconf 86' lang='lat' dir='ltr'><strong>licentiam</strong></span> <span class='ocrx_word' id='word_1_103' title='bbox 471 1215 638 1278; x_wconf 88' lang='lat' dir='ltr'>permittebat,</span> <span class='ocrx_word' id='word_1_104' title='bbox 657 1223 684 1265; x_wconf 91' lang='lat' dir='ltr'>ut</span> <span class='ocrx_word' id='word_1_105' title='bbox 726 1213 775 1264; x_wconf 80' lang='lat' dir='ltr'>iere</span> <span class='ocrx_word' id='word_1_106' title='bbox 795 1216 900 1265; x_wconf 85' lang='lat' dir='ltr'>redeunt</span> <span class='ocrx_word' id='word_1_107' title='bbox 917 1223 945 1265; x_wconf 91' lang='lat' dir='ltr'>ut</span> <span class='ocrx_word' id='word_1_108' title='bbox 966 1217 1113 1282; x_wconf 80' lang='lat' dir='ltr'>Euripidem</span> <span class='ocrx_word' id='word_1_109' title='bbox 1136 1227 1241 1279; x_wconf 85' lang='lat' dir='ltr'>accuset,</span> <span class='ocrx_word' id='word_1_110' title='bbox 1263 1220 1332 1284; x_wconf 90' lang='lat' dir='ltr'>quod</span> 
     </span>
     <span class='ocr_line' id='line_1_11' title="bbox 77 1291 1332 1356; baseline 0.004 -16"><span class='ocrx_word' id='word_1_111' title='bbox 77 1291 188 1340; x_wconf 89' lang='lat' dir='ltr'>eandem</span> <span class='ocrx_word' id='word_1_112' title='bbox 217 1291 340 1355; x_wconf 83' lang='lat' dir='ltr'>syllabam</span> <span class='ocrx_word' id='word_1_113' title='bbox 376 1291 525 1356; x_wconf 86' lang='lat' dir='ltr'>aliquotiens</span> <span class='ocrx_word' id='word_1_114' title='bbox 563 1300 683 1356; x_wconf 85' lang='lat' dir='ltr'>repeteret</span> <span class='ocrx_word' id='word_1_115' title='bbox 725 1304 817 1338; x_wconf 92' lang='lat' dir='ltr'>novam</span> <span class='ocrx_word' id='word_1_116' title='bbox 839 1291 998 1356; x_wconf 83' lang='lat' dir='ltr'>disciplinam</span> <span class='ocrx_word' id='word_1_117' title='bbox 1024 1293 1139 1342; x_wconf 76' lang='lat' dir='ltr'>Athenas</span> <span class='ocrx_word' id='word_1_118' title='bbox 1167 1295 1332 1345; x_wconf 85' lang='lat' dir='ltr'>introduxerit</span> 
     </span>
     <span class='ocr_line' id='line_1_12' title="bbox 76 1364 1333 1434; baseline 0.004 -18"><span class='ocrx_word' id='word_1_119' title='bbox 76 1370 155 1430; x_wconf 75' lang='lat' dir='ltr'>(Ran.</span> <span class='ocrx_word' id='word_1_120' title='bbox 171 1383 239 1430; x_wconf 78' lang='lat'>1314,</span> <span class='ocrx_word' id='word_1_121' title='bbox 252 1370 537 1431; x_wconf 74' lang='lat' dir='ltr'>134Setererethiaroura)</span> <span class='ocrx_word' id='word_1_122' title='bbox 550 1369 595 1418; x_wconf 90' lang='lat' dir='ltr'>sed</span> <span class='ocrx_word' id='word_1_123' title='bbox 609 1382 684 1434; x_wconf 82' lang='lat' dir='ltr'>saepe</span> <span class='ocrx_word' id='word_1_124' title='bbox 724 1364 808 1432; x_wconf 89' lang='lat' dir='ltr'>itaque</span> <span class='ocrx_word' id='word_1_125' title='bbox 820 1384 902 1418; x_wconf 90' lang='lat' dir='ltr'>mores</span> <span class='ocrx_word' id='word_1_126' title='bbox 919 1369 1010 1418; x_wconf 91' lang='lat' dir='ltr'>civium</span> <span class='ocrx_word' id='word_1_127' title='bbox 1022 1374 1166 1434; x_wconf 87' lang='lat' dir='ltr'>corruperit.</span> <span class='ocrx_word' id='word_1_128' title='bbox 1204 1372 1255 1421; x_wconf 90' lang='lat' dir='ltr'>Sed</span> <span class='ocrx_word' id='word_1_129' title='bbox 1273 1373 1333 1421; x_wconf 90' lang='lat' dir='ltr'>ridi·</span> 
     </span>
     <span class='ocr_line' id='line_1_13' title="bbox 76 1445 1330 1515; baseline 0.008 -25"><span class='ocrx_word' id='word_1_130' title='bbox 76 1446 156 1495; x_wconf 87' lang='lat' dir='ltr'>etiam</span> <span class='ocrx_word' id='word_1_131' title='bbox 176 1463 249 1496; x_wconf 80' lang='lat' dir='ltr'>voces</span> <span class='ocrx_word' id='word_1_132' title='bbox 267 1450 375 1511; x_wconf 84' lang='lat' dir='ltr'>integras</span> <span class='ocrx_word' id='word_1_133' title='bbox 394 1446 499 1499; x_wconf 86' lang='lat' dir='ltr'>iterabat</span> <span class='ocrx_word' id='word_1_134' title='bbox 518 1448 592 1508; x_wconf 82' lang='lat' dir='ltr'>(Ran.</span> <span class='ocrx_word' id='word_1_135' title='bbox 621 1450 683 1508; x_wconf 64' lang='lat'>¹338</span> <span class='ocrx_word' id='word_1_136' title='bbox 725 1445 808 1494; x_wconf 90' lang='lat' dir='ltr'>culum</span> <span class='ocrx_word' id='word_1_137' title='bbox 836 1453 874 1495; x_wconf 91' lang='lat' dir='ltr'>est</span> <span class='ocrx_word' id='word_1_138' title='bbox 901 1453 1009 1496; x_wconf 88' lang='lat' dir='ltr'>statuere</span> <span class='ocrx_word' id='word_1_139' title='bbox 1037 1449 1178 1511; x_wconf 81' lang='lat' dir='ltr'>tragoedias</span> <span class='ocrx_word' id='word_1_140' title='bbox 1201 1450 1330 1515; x_wconf 85' lang='lat' dir='ltr'>Euripidis</span> 
     </span>
     <span class='ocr_line' id='line_1_14' title="bbox 77 1523 1330 1587; baseline 0.004 -16"><span class='ocrx_word' id='word_1_141' title='bbox 77 1526 154 1584; x_wconf 89' lang='grc' dir='ltr'>φόνια</span> <span class='ocrx_word' id='word_1_142' title='bbox 173 1525 243 1585; x_wconf 76' lang='grc' dir='ltr'>φόνια</span> <span class='ocrx_word' id='word_1_143' title='bbox 260 1527 406 1587; x_wconf 80' lang='grc' dir='ltr'>δερκόμενοι,</span> <span class='ocrx_word' id='word_1_144' title='bbox 424 1538 484 1586; x_wconf 76' lang='lat'>1352</span> <span class='ocrx_word' id='word_1_145' title='bbox 504 1523 553 1574; x_wconf 77' lang='grc' dir='ltr'>ὁδ’</span> <span class='ocrx_word' id='word_1_146' title='bbox 566 1523 682 1575; x_wconf 73' lang='grc' dir='ltr'>ἀνέπτατ’</span> <span class='ocrx_word' id='word_1_147' title='bbox 724 1529 820 1571; x_wconf 85' lang='lat' dir='ltr'>tantam</span> <span class='ocrx_word' id='word_1_148' title='bbox 841 1523 893 1572; x_wconf 87' lang='lat' dir='ltr'>vim</span> <span class='ocrx_word' id='word_1_149' title='bbox 912 1524 1051 1574; x_wconf 88' lang='lat' dir='ltr'>exercuisse</span> <span class='ocrx_word' id='word_1_150' title='bbox 1070 1532 1098 1574; x_wconf 93' lang='lat' dir='ltr'>ut</span> <span class='ocrx_word' id='word_1_151' title='bbox 1120 1526 1228 1576; x_wconf 86' lang='lat' dir='ltr'>civitatis</span> <span class='ocrx_word' id='word_1_152' title='bbox 1247 1543 1330 1577; x_wconf 91' lang='lat' dir='ltr'>mores</span> 
     </span>
     <span class='ocr_line' id='line_1_15' title="bbox 76 1601 1327 1668; baseline 0.003 -18"><span class='ocrx_word' id='word_1_153' title='bbox 76 1601 199 1651; x_wconf 78' lang='grc' dir='ltr'>ἀνέπτατ’</span> <span class='ocrx_word' id='word_1_154' title='bbox 205 1604 228 1652; x_wconf 77' lang='grc' dir='ltr'>ἐς</span> <span class='ocrx_word' id='word_1_155' title='bbox 237 1605 326 1663; x_wconf 80' lang='grc' dir='ltr'>αἰθέρα,</span> <span class='ocrx_word' id='word_1_156' title='bbox 335 1604 493 1665; x_wconf 76' lang='grc' dir='ltr'>ι3546όκρυο</span> <span class='ocrx_word' id='word_1_157' title='bbox 501 1601 580 1666; x_wconf 76' lang='grc' dir='ltr'>δάκρυ’</span> <span class='ocrx_word' id='word_1_158' title='bbox 589 1601 633 1652; x_wconf 75' lang='grc' dir='ltr'>ἀπ’</span> <span class='ocrx_word' id='word_1_159' title='bbox 641 1604 683 1660; x_wconf 77' lang='grc' dir='ltr'>όμ·</span> <span class='ocrx_word' id='word_1_160' title='bbox 723 1607 923 1664; x_wconf 84' lang='lat' dir='ltr'>corrumperent;</span> <span class='ocrx_word' id='word_1_161' title='bbox 940 1617 1005 1666; x_wconf 89' lang='lat' dir='ltr'>quae</span> <span class='ocrx_word' id='word_1_162' title='bbox 1016 1602 1129 1665; x_wconf 84' lang='lat' dir='ltr'>quamvis</span> <span class='ocrx_word' id='word_1_163' title='bbox 1141 1604 1231 1653; x_wconf 89' lang='lat' dir='ltr'>eximie</span> <span class='ocrx_word' id='word_1_164' title='bbox 1243 1605 1327 1668; x_wconf 89' lang='lat' dir='ltr'>place·</span> 
     </span>
     <span class='ocr_line' id='line_1_16' title="bbox 77 1678 1327 1745; baseline 0.002 -17"><span class='ocrx_word' id='word_1_165' title='bbox 77 1681 374 1741; x_wconf 80' lang='grc' dir='ltr'>μότωνέβαλονέβαλον),</span> <span class='ocrx_word' id='word_1_166' title='bbox 408 1681 481 1730; x_wconf 81' lang='lat' dir='ltr'>Haec</span> <span class='ocrx_word' id='word_1_167' title='bbox 493 1689 550 1730; x_wconf 83' lang='lat' dir='ltr'>sunt</span> <span class='ocrx_word' id='word_1_168' title='bbox 561 1681 611 1731; x_wconf 83' lang='lat' dir='ltr'>fere</span> <span class='ocrx_word' id='word_1_169' title='bbox 623 1681 683 1730; x_wconf 81' lang='lat' dir='ltr'>vitia</span> <span class='ocrx_word' id='word_1_170' title='bbox 723 1685 777 1726; x_wconf 92' lang='lat' dir='ltr'>rent</span> <span class='ocrx_word' id='word_1_171' title='bbox 794 1679 823 1727; x_wconf 91' lang='lat' dir='ltr'>iis</span> <span class='ocrx_word' id='word_1_172' title='bbox 840 1678 883 1743; x_wconf 92' lang='lat' dir='ltr'>qui</span> <span class='ocrx_word' id='word_1_173' title='bbox 895 1695 925 1728; x_wconf 84' lang='lat' dir='ltr'>ex</span> <span class='ocrx_word' id='word_1_174' title='bbox 936 1679 1024 1728; x_wconf 89' lang='lat' dir='ltr'>eadem</span> <span class='ocrx_word' id='word_1_175' title='bbox 1041 1696 1091 1744; x_wconf 90' lang='lat' dir='ltr'>qua</span> <span class='ocrx_word' id='word_1_176' title='bbox 1103 1681 1236 1745; x_wconf 89' lang='lat' dir='ltr'>Euripides</span> <span class='ocrx_word' id='word_1_177' title='bbox 1253 1682 1327 1732; x_wconf 92' lang='lat' dir='ltr'>disci·</span> 
     </span>
     <span class='ocr_line' id='line_1_17' title="bbox 75 1754 1328 1822; baseline 0.003 -17"><span class='ocrx_word' id='word_1_178' title='bbox 75 1773 143 1821; x_wconf 90' lang='lat' dir='ltr'>quae</span> <span class='ocrx_word' id='word_1_179' title='bbox 149 1759 227 1821; x_wconf 86' lang='lat' dir='ltr'>carpit</span> <span class='ocrx_word' id='word_1_180' title='bbox 235 1758 425 1822; x_wconf 89' lang='lat' dir='ltr'>inEuripidis</span> <span class='ocrx_word' id='word_1_181' title='bbox 434 1757 591 1818; x_wconf 71' lang='lat' dir='ltr'>carminibus,</span> <span class='ocrx_word' id='word_1_182' title='bbox 599 1757 682 1808; x_wconf 89' lang='lat' dir='ltr'>etimi·</span> <span class='ocrx_word' id='word_1_183' title='bbox 723 1755 793 1817; x_wconf 90' lang='lat' dir='ltr'>plina</span> <span class='ocrx_word' id='word_1_184' title='bbox 804 1754 910 1819; x_wconf 74' lang='lat' dir='ltr'>profeeli</span> <span class='ocrx_word' id='word_1_185' title='bbox 922 1763 986 1805; x_wconf 89' lang='lat' dir='ltr'>esset</span> <span class='ocrx_word' id='word_1_186' title='bbox 998 1765 1024 1806; x_wconf 90' lang='lat' dir='ltr'>et</span> <span class='ocrx_word' id='word_1_187' title='bbox 1042 1757 1218 1822; x_wconf 76' lang='lat' dir='ltr'>sophistarum</span> <span class='ocrx_word' id='word_1_188' title='bbox 1230 1759 1328 1809; x_wconf 87' lang='lat' dir='ltr'>institu-</span> 
     </span>
     <span class='ocr_line' id='line_1_18' title="bbox 74 1834 1329 1901; baseline 0 -15"><span class='ocrx_word' id='word_1_189' title='bbox 74 1836 157 1886; x_wconf 91' lang='lat' dir='ltr'>tando</span> <span class='ocrx_word' id='word_1_190' title='bbox 166 1836 319 1899; x_wconf 88' lang='lat' dir='ltr'>expressitin</span> <span class='ocrx_word' id='word_1_191' title='bbox 327 1836 358 1884; x_wconf 92' lang='lat' dir='ltr'>iis</span> <span class='ocrx_word' id='word_1_192' title='bbox 369 1852 433 1900; x_wconf 89' lang='lat' dir='ltr'>quae</span> <span class='ocrx_word' id='word_1_193' title='bbox 444 1835 584 1899; x_wconf 79' lang='lat' dir='ltr'>Aeschylus</span> <span class='ocrx_word' id='word_1_194' title='bbox 592 1851 681 1885; x_wconf 89' lang='lat' dir='ltr'>canen·</span> <span class='ocrx_word' id='word_1_195' title='bbox 723 1834 792 1882; x_wconf 89' lang='lat' dir='ltr'>tione</span> <span class='ocrx_word' id='word_1_196' title='bbox 802 1836 841 1882; x_wconf 93' lang='lat' dir='ltr'>usi</span> <span class='ocrx_word' id='word_1_197' title='bbox 852 1834 1027 1899; x_wconf 90' lang='lat' dir='ltr'>philosophiae</span> <span class='ocrx_word' id='word_1_198' title='bbox 1034 1836 1173 1901; x_wconf 89' lang='lat' dir='ltr'>ceterisque</span> <span class='ocrx_word' id='word_1_199' title='bbox 1184 1837 1329 1887; x_wconf 90' lang='lat' dir='ltr'>liberaliori-</span> 
     </span>
     <span class='ocr_line' id='line_1_19' title="bbox 74 1909 1329 1973; baseline 0.003 -11"><span class='ocrx_word' id='word_1_200' title='bbox 74 1912 196 1962; x_wconf 82' lang='lat' dir='ltr'>temiecit</span> <span class='ocrx_word' id='word_1_201' title='bbox 205 1912 296 1962; x_wconf 89' lang='lat' dir='ltr'>adeius</span> <span class='ocrx_word' id='word_1_202' title='bbox 307 1913 479 1962; x_wconf 89' lang='lat' dir='ltr'>imitationem.</span> <span class='ocrx_word' id='word_1_203' title='bbox 493 1913 682 1962; x_wconf 89' lang='lat' dir='ltr'>Consarcinavit</span> <span class='ocrx_word' id='word_1_204' title='bbox 723 1909 771 1960; x_wconf 91' lang='lat' dir='ltr'>bus</span> <span class='ocrx_word' id='word_1_205' title='bbox 787 1912 876 1961; x_wconf 91' lang='lat' dir='ltr'>studiis</span> <span class='ocrx_word' id='word_1_206' title='bbox 896 1929 948 1963; x_wconf 88' lang='lat' dir='ltr'>sese</span> <span class='ocrx_word' id='word_1_207' title='bbox 968 1913 1102 1973; x_wconf 86' lang='lat' dir='ltr'>dedissent,</span> <span class='ocrx_word' id='word_1_208' title='bbox 1123 1930 1174 1964; x_wconf 89' lang='lat' dir='ltr'>non</span> <span class='ocrx_word' id='word_1_209' title='bbox 1197 1915 1223 1964; x_wconf 93' lang='lat' dir='ltr'>in</span> <span class='ocrx_word' id='word_1_210' title='bbox 1240 1917 1329 1966; x_wconf 91' lang='lat' dir='ltr'>eodem</span> 
     </span>
     <span class='ocr_line' id='line_1_20' title="bbox 75 1987 1328 2054; baseline 0.006 -16"><span class='ocrx_word' id='word_1_211' title='bbox 75 1997 162 2039; x_wconf 88' lang='lat' dir='ltr'>autem</span> <span class='ocrx_word' id='word_1_212' title='bbox 178 1990 222 2038; x_wconf 89' lang='lat' dir='ltr'>ilia</span> <span class='ocrx_word' id='word_1_213' title='bbox 240 1990 349 2039; x_wconf 88' lang='lat' dir='ltr'>carmina</span> <span class='ocrx_word' id='word_1_214' title='bbox 365 2007 396 2040; x_wconf 86' lang='lat' dir='ltr'>ex</span> <span class='ocrx_word' id='word_1_215' title='bbox 413 1990 522 2039; x_wconf 86' lang='lat' dir='ltr'>frustulis</span> <span class='ocrx_word' id='word_1_216' title='bbox 540 1990 682 2054; x_wconf 86' lang='lat' dir='ltr'>Euripideis</span> <span class='ocrx_word' id='word_1_217' title='bbox 724 1987 819 2038; x_wconf 91' lang='lat' dir='ltr'>honore</span> <span class='ocrx_word' id='word_1_218' title='bbox 831 1996 901 2039; x_wconf 92' lang='lat' dir='ltr'>erant</span> <span class='ocrx_word' id='word_1_219' title='bbox 912 1991 981 2054; x_wconf 79' lang='lat' dir='ltr'>apud</span> <span class='ocrx_word' id='word_1_220' title='bbox 998 1991 1120 2054; x_wconf 82' lang='lat' dir='ltr'>reliquam</span> <span class='ocrx_word' id='word_1_221' title='bbox 1132 1992 1328 2046; x_wconf 85' lang='lat' dir='ltr'>multitudinem.</span> 
     </span>
     <span class='ocr_line' id='line_1_21' title="bbox 74 2066 1329 2134; baseline 0.002 -16"><span class='ocrx_word' id='word_1_222' title='bbox 74 2069 253 2132; x_wconf 88' lang='lat' dir='ltr'>undecumque</span> <span class='ocrx_word' id='word_1_223' title='bbox 264 2066 385 2128; x_wconf 74' lang='lat' dir='ltr'>collectis,</span> <span class='ocrx_word' id='word_1_224' title='bbox 398 2069 490 2133; x_wconf 90' lang='lat' dir='ltr'>quibus</span> <span class='ocrx_word' id='word_1_225' title='bbox 501 2084 581 2133; x_wconf 84' lang='lat' dir='ltr'>pauca</span> <span class='ocrx_word' id='word_1_226' title='bbox 592 2069 624 2117; x_wconf 89' lang='lat' dir='ltr'>de</span> <span class='ocrx_word' id='word_1_227' title='bbox 636 2084 682 2118; x_wconf 90' lang='lat' dir='ltr'>suo</span> <span class='ocrx_word' id='word_1_228' title='bbox 774 2067 805 2115; x_wconf 91' lang='lat' dir='ltr'>In</span> <span class='ocrx_word' id='word_1_229' title='bbox 814 2066 1017 2123; x_wconf 75' lang='lat' dir='ltr'>Acbarnmsibus</span> <span class='ocrx_word' id='word_1_230' title='bbox 1026 2069 1203 2134; x_wconf 85' lang='lat' dir='ltr'>Euripidem</span> <span class='ocrx_word' id='word_1_231' title='bbox 1219 2072 1272 2121; x_wconf 91' lang='lat' dir='ltr'>adit</span> <span class='ocrx_word' id='word_1_232' title='bbox 1283 2073 1329 2129; x_wconf 89' lang='lat' dir='ltr'>Di·</span> 
     </span>
     <span class='ocr_line' id='line_1_22' title="bbox 73 2144 1330 2210; baseline 0.002 -13"><span class='ocrx_word' id='word_1_233' title='bbox 73 2145 211 2197; x_wconf 79' lang='lat' dir='ltr'>admiscuit</span> <span class='ocrx_word' id='word_1_234' title='bbox 218 2163 226 2205; x_wconf 90' lang='lat'>;</span> <span class='ocrx_word' id='word_1_235' title='bbox 250 2146 388 2195; x_wconf 89' lang='lat' dir='ltr'>admodum</span> <span class='ocrx_word' id='word_1_236' title='bbox 410 2146 512 2206; x_wconf 84' lang='lat' dir='ltr'>ludicra,</span> <span class='ocrx_word' id='word_1_237' title='bbox 537 2147 681 2210; x_wconf 85' lang='lat' dir='ltr'>praesertim</span> <span class='ocrx_word' id='word_1_238' title='bbox 725 2144 850 2207; x_wconf 82' lang='lat' dir='ltr'>caeopolis</span> <span class='ocrx_word' id='word_1_239' title='bbox 861 2153 886 2194; x_wconf 92' lang='lat' dir='ltr'>et</span> <span class='ocrx_word' id='word_1_240' title='bbox 897 2145 1088 2195; x_wconf 84' lang='lat' dir='ltr'>abeornendici</span> <span class='ocrx_word' id='word_1_241' title='bbox 1100 2148 1230 2197; x_wconf 89' lang='lat' dir='ltr'>miserrimi</span> <span class='ocrx_word' id='word_1_242' title='bbox 1242 2148 1330 2199; x_wconf 90' lang='lat' dir='ltr'>instru-</span> 
     </span>
     <span class='ocr_line' id='line_1_23' title="bbox 74 2223 1330 2289; baseline 0.005 -18"><span class='ocrx_word' id='word_1_243' title='bbox 74 2224 224 2272; x_wconf 88' lang='lat' dir='ltr'>monodiam</span> <span class='ocrx_word' id='word_1_244' title='bbox 250 2223 276 2271; x_wconf 93' lang='lat' dir='ltr'>in</span> <span class='ocrx_word' id='word_1_245' title='bbox 298 2239 348 2287; x_wconf 91' lang='lat' dir='ltr'>qua</span> <span class='ocrx_word' id='word_1_246' title='bbox 370 2223 459 2272; x_wconf 91' lang='lat' dir='ltr'>mulier</span> <span class='ocrx_word' id='word_1_247' title='bbox 480 2227 591 2288; x_wconf 90' lang='lat' dir='ltr'>queritur</span> <span class='ocrx_word' id='word_1_248' title='bbox 612 2226 681 2289; x_wconf 93' lang='lat' dir='ltr'>quod</span> <span class='ocrx_word' id='word_1_249' title='bbox 724 2229 809 2270; x_wconf 76' lang='lat' dir='ltr'>menta</span> <span class='ocrx_word' id='word_1_250' title='bbox 823 2223 922 2286; x_wconf 80' lang='lat' dir='ltr'>accipit,</span> <span class='ocrx_word' id='word_1_251' title='bbox 935 2224 1112 2288; x_wconf 78' lang='lat' dir='ltr'>394-484(in</span> <span class='ocrx_word' id='word_1_252' title='bbox 1129 2241 1179 2288; x_wconf 88' lang='lat' dir='ltr'>qua</span> <span class='ocrx_word' id='word_1_253' title='bbox 1189 2225 1259 2289; x_wconf 75' lang='grc' dir='ltr'>ῥύσει</span> <span class='ocrx_word' id='word_1_254' title='bbox 1277 2234 1330 2276; x_wconf 86' lang='lat' dir='ltr'>tota</span> 
     </span>
     <span class='ocr_line' id='line_1_24' title="bbox 74 2299 1329 2367; baseline 0.007 -24"><span class='ocrx_word' id='word_1_255' title='bbox 74 2304 154 2367; x_wconf 74' lang='lat' dir='ltr'>ipsius</span> <span class='ocrx_word' id='word_1_256' title='bbox 171 2302 263 2351; x_wconf 73' lang='lat' dir='ltr'>ancilla</span> <span class='ocrx_word' id='word_1_257' title='bbox 280 2301 361 2352; x_wconf 72' lang='lat' dir='ltr'>furata</span> <span class='ocrx_word' id='word_1_258' title='bbox 375 2301 407 2350; x_wconf 82' lang='lat' dir='ltr'>sit</span> <span class='ocrx_word' id='word_1_259' title='bbox 422 2301 532 2365; x_wconf 60' lang='lat' dir='ltr'>gallum</span> <span class='ocrx_word' id='word_1_260' title='bbox 550 2318 681 2367; x_wconf 69' lang='lat' dir='ltr'>argumen.</span> <span class='ocrx_word' id='word_1_261' title='bbox 722 2299 1329 2362; x_wconf 85' lang='lat' dir='ltr'>Euripidisstudiummisericordiamcommoven-</span> 
     </span>
     <span class='ocr_line' id='line_1_25' title="bbox 74 2376 1329 2446; baseline 0.002 -17"><span class='ocrx_word' id='word_1_262' title='bbox 74 2389 130 2431; x_wconf 92' lang='lat' dir='ltr'>tum</span> <span class='ocrx_word' id='word_1_263' title='bbox 155 2396 216 2429; x_wconf 92' lang='lat' dir='ltr'>sane</span> <span class='ocrx_word' id='word_1_264' title='bbox 235 2379 292 2441; x_wconf 84' lang='lat' dir='ltr'>vile,</span> <span class='ocrx_word' id='word_1_265' title='bbox 315 2380 359 2429; x_wconf 87' lang='lat' dir='ltr'>sed</span> <span class='ocrx_word' id='word_1_266' title='bbox 376 2379 448 2444; x_wconf 90' lang='lat' dir='ltr'>quod</span> <span class='ocrx_word' id='word_1_267' title='bbox 470 2380 583 2433; x_wconf 75' lang='lat' dir='ltr'>consrssto</span> <span class='ocrx_word' id='word_1_268' title='bbox 605 2382 681 2446; x_wconf 84' lang='lat' dir='ltr'>elegit</span> <span class='ocrx_word' id='word_1_269' title='bbox 721 2376 748 2425; x_wconf 92' lang='lat' dir='ltr'>di</span> <span class='ocrx_word' id='word_1_270' title='bbox 759 2393 810 2426; x_wconf 91' lang='lat' dir='ltr'>non</span> <span class='ocrx_word' id='word_1_271' title='bbox 821 2378 898 2426; x_wconf 91' lang='lat' dir='ltr'>animi</span> <span class='ocrx_word' id='word_1_272' title='bbox 915 2379 1044 2427; x_wconf 86' lang='lat' dir='ltr'>doloribus</span> <span class='ocrx_word' id='word_1_273' title='bbox 1066 2380 1225 2430; x_wconf 78' lang='lat' dir='ltr'>sedentemo</span> <span class='ocrx_word' id='word_1_274' title='bbox 1241 2381 1329 2431; x_wconf 91' lang='lat' dir='ltr'>habitu</span> 
     </span>
     <span class='ocr_line' id='line_1_26' title="bbox 74 2454 1322 2522; baseline 0 -16"><span class='ocrx_word' id='word_1_275' title='bbox 74 2474 127 2522; x_wconf 92' lang='lat' dir='ltr'>quo</span> <span class='ocrx_word' id='word_1_276' title='bbox 139 2457 317 2522; x_wconf 78' lang='lat' dir='ltr'>perstringeret</span> <span class='ocrx_word' id='word_1_277' title='bbox 334 2457 489 2521; x_wconf 87' lang='lat' dir='ltr'>Euripidem,</span> <span class='ocrx_word' id='word_1_278' title='bbox 500 2458 568 2522; x_wconf 88' lang='lat' dir='ltr'>quod</span> <span class='ocrx_word' id='word_1_279' title='bbox 585 2459 610 2508; x_wconf 85' lang='lat' dir='ltr'>in</span> <span class='ocrx_word' id='word_1_280' title='bbox 628 2475 680 2509; x_wconf 81' lang='lat' dir='ltr'>ear.</span> <span class='ocrx_word' id='word_1_281' title='bbox 721 2454 810 2503; x_wconf 81' lang='lat' dir='ltr'>foedae</span> <span class='ocrx_word' id='word_1_282' title='bbox 821 2455 936 2505; x_wconf 85' lang='lat' dir='ltr'>miseriae</span> <span class='ocrx_word' id='word_1_283' title='bbox 947 2455 1029 2505; x_wconf 90' lang='lat' dir='ltr'>indice</span> <span class='ocrx_word' id='word_1_284' title='bbox 1040 2457 1105 2506; x_wconf 89' lang='lat' dir='ltr'>salse</span> <span class='ocrx_word' id='word_1_285' title='bbox 1116 2457 1308 2521; x_wconf 83' lang='lat' dir='ltr'>perstringitur).</span> <span class='ocrx_word' id='word_1_286' title='bbox 1319 2508 1322 2513; x_wconf 61' lang='grc'>,</span> 
     </span>
     <span class='ocr_line' id='line_1_27' title="bbox 74 2531 1328 2598; baseline 0.003 -18"><span class='ocrx_word' id='word_1_287' title='bbox 74 2533 186 2585; x_wconf 88' lang='lat' dir='ltr'>minibus</span> <span class='ocrx_word' id='word_1_288' title='bbox 208 2548 308 2596; x_wconf 85' lang='lat' dir='ltr'>quoque</span> <span class='ocrx_word' id='word_1_289' title='bbox 329 2531 425 2587; x_wconf 87' lang='lat' dir='ltr'>melicis</span> <span class='ocrx_word' id='word_1_290' title='bbox 447 2532 625 2598; x_wconf 81' lang='lat' dir='ltr'>Melpomenen</span> <span class='ocrx_word' id='word_1_291' title='bbox 647 2535 680 2584; x_wconf 83' lang='lat' dir='ltr'>ad</span> <span class='ocrx_word' id='word_1_292' title='bbox 771 2532 802 2579; x_wconf 92' lang='lat' dir='ltr'>Iu</span> <span class='ocrx_word' id='word_1_293' title='bbox 826 2532 1080 2595; x_wconf 71' lang='lat' dir='ltr'>Ttemoptormwsn·</span> <span class='ocrx_word' id='word_1_294' title='bbox 1097 2549 1154 2583; x_wconf 91' lang='lat' dir='ltr'>cum</span> <span class='ocrx_word' id='word_1_295' title='bbox 1173 2536 1258 2584; x_wconf 89' lang='lat' dir='ltr'>multis</span> <span class='ocrx_word' id='word_1_296' title='bbox 1276 2552 1328 2584; x_wconf 87' lang='lat' dir='ltr'>arn·</span> 
     </span>
     <span class='ocr_line' id='line_1_28' title="bbox 74 2606 1327 2672; baseline 0 -11"><span class='ocrx_word' id='word_1_297' title='bbox 74 2628 115 2665; x_wconf 89' lang='lat' dir='ltr'>res</span> <span class='ocrx_word' id='word_1_298' title='bbox 126 2611 235 2660; x_wconf 91' lang='lat' dir='ltr'>minutas</span> <span class='ocrx_word' id='word_1_299' title='bbox 246 2618 271 2661; x_wconf 91' lang='lat' dir='ltr'>et</span> <span class='ocrx_word' id='word_1_300' title='bbox 282 2610 430 2659; x_wconf 79' lang='lat' dir='ltr'>domesticas</span> <span class='ocrx_word' id='word_1_301' title='bbox 441 2610 590 2665; x_wconf 88' lang='lat' dir='ltr'>detruderet.</span> <span class='ocrx_word' id='word_1_302' title='bbox 721 2609 828 2672; x_wconf 84' lang='lat' dir='ltr'>bagibus</span> <span class='ocrx_word' id='word_1_303' title='bbox 839 2606 980 2658; x_wconf 71' lang='lat' dir='ltr'>dialecticis</span> <span class='ocrx_word' id='word_1_304' title='bbox 997 2624 1110 2657; x_wconf 91' lang='lat' dir='ltr'>socerum</span> <span class='ocrx_word' id='word_1_305' title='bbox 1122 2625 1194 2659; x_wconf 90' lang='lat' dir='ltr'>suum</span> <span class='ocrx_word' id='word_1_306' title='bbox 1207 2611 1327 2667; x_wconf 92' lang='lat' dir='ltr'>Mnesilo-</span> 
     </span>
     <span class='ocr_line' id='line_1_29' title="bbox 126 2684 1325 2752; baseline 0.005 -16"><span class='ocrx_word' id='word_1_307' title='bbox 126 2690 257 2738; x_wconf 90' lang='lat' dir='ltr'>Postremo</span> <span class='ocrx_word' id='word_1_308' title='bbox 264 2688 437 2752; x_wconf 85' lang='lat' dir='ltr'>gravissimum</span> <span class='ocrx_word' id='word_1_309' title='bbox 445 2688 469 2736; x_wconf 91' lang='lat' dir='ltr'>ei</span> <span class='ocrx_word' id='word_1_310' title='bbox 478 2688 571 2745; x_wconf 82' lang='lat' dir='ltr'>crimen</span> <span class='ocrx_word' id='word_1_311' title='bbox 580 2690 679 2752; x_wconf 91' lang='lat' dir='ltr'>obiecit,</span> <span class='ocrx_word' id='word_1_312' title='bbox 722 2684 796 2734; x_wconf 77' lang='lat' dir='ltr'>chum</span> <span class='ocrx_word' id='word_1_313' title='bbox 814 2685 882 2734; x_wconf 76' lang='lat' dir='ltr'>ducit</span> <span class='ocrx_word' id='word_1_314' title='bbox 900 2685 933 2734; x_wconf 72' lang='lat' dir='ltr'>ad</span> <span class='ocrx_word' id='word_1_315' title='bbox 951 2686 1055 2741; x_wconf 83' lang='lat' dir='ltr'>domum</span> <span class='ocrx_word' id='word_1_316' title='bbox 1074 2687 1325 2751; x_wconf 81' lang='lat' dir='ltr'>Agathonis,1-38.</span> 
     </span>
     <span class='ocr_line' id='line_1_30' title="bbox 74 2762 1325 2833; baseline 0.002 -17"><span class='ocrx_word' id='word_1_317' title='bbox 74 2767 144 2831; x_wconf 91' lang='lat' dir='ltr'>quod</span> <span class='ocrx_word' id='word_1_318' title='bbox 156 2782 238 2816; x_wconf 90' lang='lat' dir='ltr'>mores</span> <span class='ocrx_word' id='word_1_319' title='bbox 246 2766 438 2815; x_wconf 87' lang='lat' dir='ltr'>Atheniensium</span> <span class='ocrx_word' id='word_1_320' title='bbox 446 2770 587 2831; x_wconf 85' lang='lat' dir='ltr'>corruperit,</span> <span class='ocrx_word' id='word_1_321' title='bbox 598 2784 679 2833; x_wconf 88' lang='lat' dir='ltr'>neque</span> <span class='ocrx_word' id='word_1_322' title='bbox 723 2764 748 2812; x_wconf 84' lang='lat' dir='ltr'>Is</span> <span class='ocrx_word' id='word_1_323' title='bbox 767 2764 828 2812; x_wconf 70' lang='lat' dir='ltr'>dum</span> <span class='ocrx_word' id='word_1_324' title='bbox 846 2762 961 2827; x_wconf 62' lang='lat' dir='ltr'>prodeas</span> <span class='ocrx_word' id='word_1_325' title='bbox 972 2778 1058 2812; x_wconf 77' lang='lat' dir='ltr'>socero</span> <span class='ocrx_word' id='word_1_326' title='bbox 1078 2765 1240 2829; x_wconf 86' lang='lat' dir='ltr'>narratquid</span> <span class='ocrx_word' id='word_1_327' title='bbox 1256 2767 1325 2827; x_wconf 85' lang='lat' dir='ltr'>velit,</span> 
     </span>
     <span class='ocr_line' id='line_1_31' title="bbox 73 2840 1327 2907; baseline 0.002 -15"><span class='ocrx_word' id='word_1_328' title='bbox 73 2844 196 2907; x_wconf 75' lang='lat' dir='ltr'>tragicam</span> <span class='ocrx_word' id='word_1_329' title='bbox 215 2843 296 2892; x_wconf 92' lang='lat' dir='ltr'>solum</span> <span class='ocrx_word' id='word_1_330' title='bbox 314 2851 393 2892; x_wconf 86' lang='lat' dir='ltr'>artem</span> <span class='ocrx_word' id='word_1_331' title='bbox 412 2844 615 2906; x_wconf 84' lang='lat' dir='ltr'>pessumdederit</span> <span class='ocrx_word' id='word_1_332' title='bbox 650 2845 679 2895; x_wconf 88' lang='lat' dir='ltr'>Si</span> <span class='ocrx_word' id='word_1_333' title='bbox 724 2852 835 2904; x_wconf 78' lang='lat'>71-95;</span> <span class='ocrx_word' id='word_1_334' title='bbox 852 2840 1015 2904; x_wconf 87' lang='lat' dir='ltr'>Agathonem</span> <span class='ocrx_word' id='word_1_335' title='bbox 1025 2842 1141 2904; x_wconf 90' lang='lat' dir='ltr'>precibus</span> <span class='ocrx_word' id='word_1_336' title='bbox 1152 2843 1274 2903; x_wconf 80' lang='lat' dir='ltr'>adit3sed</span> <span class='ocrx_word' id='word_1_337' title='bbox 1285 2845 1327 2894; x_wconf 90' lang='lat' dir='ltr'>hic</span> 
     </span>
     <span class='ocr_line' id='line_1_32' title="bbox 74 2918 1325 2985; baseline 0.002 -15"><span class='ocrx_word' id='word_1_338' title='bbox 74 2923 144 2974; x_wconf 88' lang='lat' dir='ltr'>enim</span> <span class='ocrx_word' id='word_1_339' title='bbox 155 2921 279 2970; x_wconf 86' lang='lat' dir='ltr'>comicum</span> <span class='ocrx_word' id='word_1_340' title='bbox 290 2921 385 2980; x_wconf 86' lang='lat' dir='ltr'>audias,</span> <span class='ocrx_word' id='word_1_341' title='bbox 397 2921 530 2985; x_wconf 89' lang='lat' dir='ltr'>Euripides</span> <span class='ocrx_word' id='word_1_342' title='bbox 544 2922 610 2973; x_wconf 90' lang='lat' dir='ltr'>cives</span> <span class='ocrx_word' id='word_1_343' title='bbox 621 2939 679 2973; x_wconf 90' lang='lat' dir='ltr'>suos</span> <span class='ocrx_word' id='word_1_344' title='bbox 722 2934 779 2968; x_wconf 82' lang='lat' dir='ltr'>oum</span> <span class='ocrx_word' id='word_1_345' title='bbox 806 2918 919 2967; x_wconf 88' lang='lat' dir='ltr'>irrisione</span> <span class='ocrx_word' id='word_1_346' title='bbox 946 2934 999 2967; x_wconf 89' lang='lat' dir='ltr'>rem</span> <span class='ocrx_word' id='word_1_347' title='bbox 1033 2919 1155 2983; x_wconf 89' lang='lat' dir='ltr'>repudiat,</span> <span class='ocrx_word' id='word_1_348' title='bbox 1189 2924 1325 2983; x_wconf 75' lang='lat'>177-208,</span> 
     </span>
     <span class='ocr_line' id='line_1_33' title="bbox 177 2996 1326 3075; baseline 0.005 -32"><span class='ocrx_word' id='word_1_349' title='bbox 177 3020 256 3064; x_wconf 47' lang='lat' dir='ltr'>md,</span> <span class='ocrx_word' id='word_1_350' title='bbox 262 3020 398 3074; x_wconf 47' lang='lat' dir='ltr'>ymmo„</span> <span class='ocrx_word' id='word_1_351' title='bbox 405 3021 441 3063; x_wconf 51' lang='grc' dir='ltr'>καὶ</span> <span class='ocrx_word' id='word_1_352' title='bbox 450 3023 573 3075; x_wconf 60' lang='lat' dir='ltr'>musitae</span> <span class='ocrx_word' id='word_1_353' title='bbox 582 3023 674 3075; x_wconf 43' lang='lat' dir='ltr'>mah„</span> <span class='ocrx_word' id='word_1_354' title='bbox 722 2997 806 3060; x_wconf 88' lang='lat' dir='ltr'>Quare</span> <span class='ocrx_word' id='word_1_355' title='bbox 818 2996 1013 3056; x_wconf 71' lang='lat' dir='ltr'>Mnesilochum„</span> <span class='ocrx_word' id='word_1_356' title='bbox 1026 2997 1069 3061; x_wconf 93' lang='lat' dir='ltr'>qui</span> <span class='ocrx_word' id='word_1_357' title='bbox 1081 3013 1107 3046; x_wconf 87' lang='lat' dir='ltr'>se</span> <span class='ocrx_word' id='word_1_358' title='bbox 1118 2998 1142 3046; x_wconf 90' lang='lat' dir='ltr'>ei</span> <span class='ocrx_word' id='word_1_359' title='bbox 1158 2999 1243 3057; x_wconf 89' lang='lat' dir='ltr'>tradit,</span> <span class='ocrx_word' id='word_1_360' title='bbox 1258 3000 1326 3063; x_wconf 81' lang='lat' dir='ltr'>Aga·</span> 
     </span>
     <span class='ocr_line' id='line_1_34' title="bbox 98 3074 1326 3141; baseline 0.005 -20"><span class='ocrx_word' id='word_1_361' title='bbox 98 3086 243 3139; x_wconf 67' lang='lat' dir='ltr'>»t’ecxtmw</span> <span class='ocrx_word' id='word_1_362' title='bbox 254 3085 322 3132; x_wconf 58' lang='grc' dir='ltr'>«ἅμ.</span> <span class='ocrx_word' id='word_1_363' title='bbox 330 3086 462 3138; x_wconf 56' lang='lat' dir='ltr'>„metm</span> <span class='ocrx_word' id='word_1_364' title='bbox 475 3088 510 3131; x_wconf 58' lang='lat' dir='ltr'>mr</span> <span class='ocrx_word' id='word_1_365' title='bbox 518 3087 555 3133; x_wconf 69' lang='lat' dir='ltr'>rte</span> <span class='ocrx_word' id='word_1_366' title='bbox 563 3090 630 3141; x_wconf 61' lang='lat' dir='ltr'>mr,</span> <span class='ocrx_word' id='word_1_367' title='bbox 638 3090 679 3133; x_wconf 61' lang='lat' dir='ltr'>,aa</span> <span class='ocrx_word' id='word_1_368' title='bbox 722 3074 805 3124; x_wconf 89' lang='lat' dir='ltr'>thonis</span> <span class='ocrx_word' id='word_1_369' title='bbox 816 3074 939 3124; x_wconf 87' lang='lat' dir='ltr'>novacula</span> <span class='ocrx_word' id='word_1_370' title='bbox 951 3083 977 3125; x_wconf 92' lang='lat' dir='ltr'>et</span> <span class='ocrx_word' id='word_1_371' title='bbox 993 3074 1146 3124; x_wconf 88' lang='lat' dir='ltr'>indumentis</span> <span class='ocrx_word' id='word_1_372' title='bbox 1163 3077 1326 3127; x_wconf 88' lang='lat' dir='ltr'>muliebribus</span> 
     </span>
    </p>
   </div>
   <div class='ocr_carea' id='block_1_3' title="bbox 436 3153 1326 3218">
    <p class='ocr_par' dir='ltr' id='par_1_3' title="bbox 436 3153 1326 3218">
     <span class='ocr_line' id='line_1_35' title="bbox 436 3153 1326 3218; baseline -0.001 -13"><span class='ocrx_word' id='word_1_373' title='bbox 436 3206 438 3209; x_wconf 81' lang='grc'><strong>,</strong></span> <span class='ocrx_word' id='word_1_374' title='bbox 478 3154 553 3205; x_wconf 50' lang='grc' dir='ltr'>τρίψιν</span> <span class='ocrx_word' id='word_1_375' title='bbox 722 3161 826 3202; x_wconf 84' lang='lat' dir='ltr'>exornat</span> <span class='ocrx_word' id='word_1_376' title='bbox 838 3161 866 3202; x_wconf 93' lang='lat' dir='ltr'>ut</span> <span class='ocrx_word' id='word_1_377' title='bbox 876 3153 1013 3214; x_wconf 90' lang='lat' dir='ltr'>mulierem,</span> <span class='ocrx_word' id='word_1_378' title='bbox 1028 3159 1052 3203; x_wconf 93' lang='lat' dir='ltr'>et</span> <span class='ocrx_word' id='word_1_379' title='bbox 1069 3154 1123 3203; x_wconf 91' lang='lat' dir='ltr'>abit</span> <span class='ocrx_word' id='word_1_380' title='bbox 1139 3154 1211 3218; x_wconf 86' lang='lat' dir='ltr'>signo</span> <span class='ocrx_word' id='word_1_381' title='bbox 1227 3159 1326 3212; x_wconf 89' lang='lat' dir='ltr'>concio·</span> 
     </span>
    </p>
   </div>
   <div class='ocr_carea' id='block_1_4' title="bbox 98 3211 1326 3321">
    <p class='ocr_par' dir='ltr' id='par_1_4' title="bbox 98 3211 1326 3321">
     <span class='ocr_line' id='line_1_36' title="bbox 98 3211 1326 3321; baseline 0.004 -42"><span class='ocrx_word' id='word_1_382' title='bbox 98 3213 141 3256; x_wconf 45' lang='grc' dir='ltr'>’ἐν</span> <span class='ocrx_word' id='word_1_383' title='bbox 148 3211 680 3321; x_wconf 46' lang='grc' dir='ltr'>μωίωνπωμυλλομόνωθῖὶνὲῗῑῖθᾶθω*</span> <span class='ocrx_word' id='word_1_384' title='bbox 722 3232 761 3280; x_wconf 90' lang='lat' dir='ltr'>nis</span> <span class='ocrx_word' id='word_1_385' title='bbox 772 3232 798 3279; x_wconf 91' lang='lat' dir='ltr'>in</span> <span class='ocrx_word' id='word_1_386' title='bbox 810 3232 1012 3295; x_wconf 84' lang='lat' dir='ltr'>Thesmophorio</span> <span class='ocrx_word' id='word_1_387' title='bbox 1029 3238 1172 3295; x_wconf 88' lang='lat' dir='ltr'>apparente,</span> <span class='ocrx_word' id='word_1_388' title='bbox 1189 3246 1326 3297; x_wconf 74' lang='lat'>213-279.</span> 
     </span>
    </p>
   </div>
   <div class='ocr_carea' id='block_1_5' title="bbox 74 3337 679 3497">
    <p class='ocr_par' dir='ltr' id='par_1_5' title="bbox 74 3337 679 3497">
     <span class='ocr_line' id='line_1_37' title="bbox 98 3337 417 3395; baseline 0 -13"><span class='ocrx_word' id='word_1_389' title='bbox 98 3341 248 3393; x_wconf 67' lang='grc' dir='ltr'>ἀπαγορεύειν</span> <span class='ocrx_word' id='word_1_390' title='bbox 255 3339 300 3385; x_wconf 78' lang='lat' dir='ltr'>ruis</span> <span class='ocrx_word' id='word_1_391' title='bbox 307 3337 417 3395; x_wconf 69' lang='grc' dir='ltr'>ἄρχουσιν,</span> 
     </span>
     <span class='ocr_line' id='line_1_38' title="bbox 74 3430 679 3497; baseline 0.007 -15"><span class='ocrx_word' id='word_1_392' title='bbox 74 3435 150 3496; x_wconf 84' lang='lat' dir='ltr'>(Ran.</span> <span class='ocrx_word' id='word_1_393' title='bbox 167 3430 228 3497; x_wconf 86' lang='lat'>1069</span> <span class='ocrx_word' id='word_1_394' title='bbox 238 3430 305 3497; x_wconf 88' lang='lat' dir='ltr'>sqq.)</span> <span class='ocrx_word' id='word_1_395' title='bbox 314 3433 381 3481; x_wconf 84' lang='lat' dir='ltr'>unde</span> <span class='ocrx_word' id='word_1_396' title='bbox 392 3430 480 3482; x_wconf 74' lang='lat' dir='ltr'>audior</span> <span class='ocrx_word' id='word_1_397' title='bbox 490 3435 572 3484; x_wconf 86' lang='lat' dir='ltr'>extitit</span> <span class='ocrx_word' id='word_1_398' title='bbox 582 3441 609 3484; x_wconf 89' lang='lat' dir='ltr'>ut</span> <span class='ocrx_word' id='word_1_399' title='bbox 621 3436 679 3486; x_wconf 91' lang='lat' dir='ltr'>urbs</span> 
     </span>
    </p>
   </div>
   <div class='ocr_carea' id='block_1_6' title="bbox 69 3531 677 4048">
    <p class='ocr_par' dir='ltr' id='par_1_6' title="bbox 69 3531 677 4048">
     <span class='ocr_line' id='line_1_39' title="bbox 202 3531 526 3585; baseline -0.009 -11"><span class='ocrx_word' id='word_1_400' title='bbox 202 3531 382 3585; x_wconf 74' lang='grc' dir='ltr'>ὑπογραμματέων</span> <span class='ocrx_word' id='word_1_401' title='bbox 393 3531 526 3584; x_wconf 76' lang='grc' dir='ltr'>α’νεμεστύθη</span> 
     </span>
     <span class='ocr_line' id='line_1_40' title="bbox 202 3594 538 3648; baseline 0.003 -12"><span class='ocrx_word' id='word_1_402' title='bbox 202 3596 239 3636; x_wconf 83' lang='grc' dir='ltr'>καὶ</span> <span class='ocrx_word' id='word_1_403' title='bbox 251 3595 380 3648; x_wconf 76' lang='grc' dir='ltr'>βωμολόχων</span> <span class='ocrx_word' id='word_1_404' title='bbox 392 3594 538 3646; x_wconf 76' lang='grc' dir='ltr'>δημοπιθήκων</span> 
     </span>
     <span class='ocr_line' id='line_1_41' title="bbox 201 3657 536 3709; baseline 0 -10"><span class='ocrx_word' id='word_1_405' title='bbox 201 3657 348 3707; x_wconf 71' lang='grc' dir='ltr'>ἐξαπατώντων</span> <span class='ocrx_word' id='word_1_406' title='bbox 360 3659 397 3699; x_wconf 73' lang='grc' dir='ltr'>τὸν</span> <span class='ocrx_word' id='word_1_407' title='bbox 407 3658 474 3709; x_wconf 78' lang='grc' dir='ltr'>δῆμον</span> <span class='ocrx_word' id='word_1_408' title='bbox 486 3658 536 3707; x_wconf 67' lang='lat' dir='ltr'>tat,</span> 
     </span>
     <span class='ocr_line' id='line_1_42' title="bbox 70 3749 676 3817; baseline -0.007 -15"><span class='ocrx_word' id='word_1_409' title='bbox 70 3751 160 3817; x_wconf 86' lang='lat' dir='ltr'>quales</span> <span class='ocrx_word' id='word_1_410' title='bbox 172 3750 223 3800; x_wconf 84' lang='lat' dir='ltr'>fere</span> <span class='ocrx_word' id='word_1_411' title='bbox 235 3749 373 3814; x_wconf 89' lang='lat' dir='ltr'>Clitophon</span> <span class='ocrx_word' id='word_1_412' title='bbox 385 3757 409 3800; x_wconf 88' lang='lat' dir='ltr'>et</span> <span class='ocrx_word' id='word_1_413' title='bbox 418 3751 587 3801; x_wconf 86' lang='lat' dir='ltr'>Theramenes</span> <span class='ocrx_word' id='word_1_414' title='bbox 598 3757 676 3808; x_wconf 86' lang='lat' dir='ltr'>erant,</span> 
     </span>
     <span class='ocr_line' id='line_1_43' title="bbox 70 3827 677 3896; baseline -0.007 -17"><span class='ocrx_word' id='word_1_415' title='bbox 70 3834 117 3896; x_wconf 89' lang='lat' dir='ltr'>qui</span> <span class='ocrx_word' id='word_1_416' title='bbox 137 3831 201 3877; x_wconf 85' lang='lat' dir='ltr'>Ran.</span> <span class='ocrx_word' id='word_1_417' title='bbox 218 3827 263 3892; x_wconf 86' lang='lat'>967</span> <span class='ocrx_word' id='word_1_418' title='bbox 284 3828 406 3893; x_wconf 90' lang='lat' dir='ltr'>prodiisse</span> <span class='ocrx_word' id='word_1_419' title='bbox 425 3829 542 3878; x_wconf 91' lang='lat' dir='ltr'>dicuntur</span> <span class='ocrx_word' id='word_1_420' title='bbox 558 3845 590 3877; x_wconf 89' lang='lat' dir='ltr'>ex</span> <span class='ocrx_word' id='word_1_421' title='bbox 606 3828 677 3876; x_wconf 92' lang='lat' dir='ltr'>Euri·</span> 
     </span>
     <span class='ocr_line' id='line_1_44' title="bbox 69 3906 472 3973; baseline -0.002 -16"><span class='ocrx_word' id='word_1_422' title='bbox 69 3908 139 3973; x_wconf 88' lang='lat' dir='ltr'>pidis</span> <span class='ocrx_word' id='word_1_423' title='bbox 151 3906 300 3969; x_wconf 85' lang='lat' dir='ltr'>disciplina3</span> <span class='ocrx_word' id='word_1_424' title='bbox 318 3907 395 3955; x_wconf 90' lang='lat' dir='ltr'>verbo</span> <span class='ocrx_word' id='word_1_425' title='bbox 407 3907 472 3956; x_wconf 91' lang='lat' dir='ltr'>cives</span> 
     </span>
     <span class='ocr_line' id='line_1_45' title="bbox 92 3993 674 4048; baseline -0.002 -12"><span class='ocrx_word' id='word_1_426' title='bbox 92 3996 118 4036; x_wconf 86' lang='grc' dir='ltr'>εἰε</span> <span class='ocrx_word' id='word_1_427' title='bbox 127 3995 225 4047; x_wconf 74' lang='grc' dir='ltr'>χρηστόν</span> <span class='ocrx_word' id='word_1_428' title='bbox 232 3995 268 4035; x_wconf 84' lang='grc' dir='ltr'>καὶ</span> <span class='ocrx_word' id='word_1_429' title='bbox 276 3994 377 4048; x_wconf 80' lang='grc' dir='ltr'>γενναίων</span> <span class='ocrx_word' id='word_1_430' title='bbox 384 3993 552 4047; x_wconf 72' lang='grc' dir='ltr'>μοχθηροτάτους</span> <span class='ocrx_word' id='word_1_431' title='bbox 560 3993 674 4043; x_wconf 68' lang='grc' dir='ltr'>ἐπέδειξεν,</span> 
     </span>
    </p>
   </div>
   <div class='ocr_carea' id='block_1_7' title="bbox 70 4084 679 4211">
    <p class='ocr_par' dir='ltr' id='par_1_7' title="bbox 70 4084 679 4211">
     <span class='ocr_line' id='line_1_46' title="bbox 71 4084 679 4151; baseline 0 -17"><span class='ocrx_word' id='word_1_432' title='bbox 71 4086 151 4147; x_wconf 84' lang='lat' dir='ltr'>(Ran.</span> <span class='ocrx_word' id='word_1_433' title='bbox 175 4098 245 4144; x_wconf 88' lang='lat'>1011,</span> <span class='ocrx_word' id='word_1_434' title='bbox 268 4084 348 4147; x_wconf 81' lang='lat'>1015),</span> <span class='ocrx_word' id='word_1_435' title='bbox 374 4099 457 4148; x_wconf 88' lang='lat' dir='ltr'>neque</span> <span class='ocrx_word' id='word_1_436' title='bbox 477 4085 541 4135; x_wconf 89' lang='lat' dir='ltr'>adeo</span> <span class='ocrx_word' id='word_1_437' title='bbox 564 4084 679 4151; x_wconf 89' lang='lat' dir='ltr'>placebat</span> 
     </span>
     <span class='ocr_line' id='line_1_47' title="bbox 70 4159 434 4211; baseline -0.003 0"><span class='ocrx_word' id='word_1_438' title='bbox 70 4161 147 4211; x_wconf 90' lang='lat' dir='ltr'>bonis</span> <span class='ocrx_word' id='word_1_439' title='bbox 159 4162 203 4211; x_wconf 90' lang='lat' dir='ltr'>sed</span> <span class='ocrx_word' id='word_1_440' title='bbox 432 4159 434 4164; x_wconf 79' lang='lat'>&#39;</span> 
     </span>
    </p>
   </div>
   <div class='ocr_carea' id='block_1_8' title="bbox 123 4247 613 4365">
    <p class='ocr_par' dir='ltr' id='par_1_8' title="bbox 123 4247 613 4365">
     <span class='ocr_line' id='line_1_48' title="bbox 123 4247 613 4307; baseline 0.006 -15"><span class='ocrx_word' id='word_1_441' title='bbox 123 4249 168 4294; x_wconf 76' lang='lat' dir='ltr'>reis</span> <span class='ocrx_word' id='word_1_442' title='bbox 176 4249 306 4294; x_wconf 70' lang='grc' dir='ltr'>λωποδύταις</span> <span class='ocrx_word' id='word_1_443' title='bbox 314 4248 350 4291; x_wconf 81' lang='grc' dir='ltr'>καὶ</span> <span class='ocrx_word' id='word_1_444' title='bbox 359 4247 416 4307; x_wconf 72' lang='grc' dir='ltr'>τοῖσι</span> <span class='ocrx_word' id='word_1_445' title='bbox 424 4249 613 4300; x_wconf 70' lang='grc' dir='ltr'>βαλλαντιοτόμοις</span> 
     </span>
     <span class='ocr_line' id='line_1_49' title="bbox 124 4311 583 4365; baseline 0 -11"><span class='ocrx_word' id='word_1_446' title='bbox 124 4312 161 4354; x_wconf 80' lang='grc' dir='ltr'>καὶ</span> <span class='ocrx_word' id='word_1_447' title='bbox 168 4311 227 4355; x_wconf 82' lang='grc' dir='ltr'>τοῖσι</span> <span class='ocrx_word' id='word_1_448' title='bbox 234 4312 386 4364; x_wconf 80' lang='grc' dir='ltr'>πατραλοίαισι</span> <span class='ocrx_word' id='word_1_449' title='bbox 394 4312 430 4353; x_wconf 82' lang='grc' dir='ltr'>καὶ</span> <span class='ocrx_word' id='word_1_450' title='bbox 438 4314 583 4365; x_wconf 76' lang='grc' dir='ltr'>τοιχωρύχοις,</span> 
     </span>
    </p>
   </div>
   <div class='ocr_carea' id='block_1_9' title="bbox 720 3308 1328 4377">
    <p class='ocr_par' dir='ltr' id='par_1_9' title="bbox 720 3308 1328 4377">
     <span class='ocr_line' id='line_1_50' title="bbox 722 3308 1326 3373; baseline 0.007 -16"><span class='ocrx_word' id='word_1_451' title='bbox 722 3308 881 3358; x_wconf 91' lang='lat' dir='ltr'>Mnesilocho</span> <span class='ocrx_word' id='word_1_452' title='bbox 901 3309 1058 3373; x_wconf 89' lang='lat' dir='ltr'>deprehenso</span> <span class='ocrx_word' id='word_1_453' title='bbox 1078 3316 1103 3359; x_wconf 91' lang='lat' dir='ltr'>et</span> <span class='ocrx_word' id='word_1_454' title='bbox 1125 3317 1153 3359; x_wconf 91' lang='lat' dir='ltr'>ut</span> <span class='ocrx_word' id='word_1_455' title='bbox 1177 3311 1278 3363; x_wconf 91' lang='lat' dir='ltr'>Helena</span> <span class='ocrx_word' id='word_1_456' title='bbox 1300 3313 1326 3365; x_wconf 87' lang='lat' dir='ltr'>in</span> 
     </span>
     <span class='ocr_line' id='line_1_51' title="bbox 721 3386 1324 3452; baseline 0.008 -18"><span class='ocrx_word' id='word_1_457' title='bbox 721 3387 806 3436; x_wconf 87' lang='lat' dir='ltr'>sabula</span> <span class='ocrx_word' id='word_1_458' title='bbox 818 3387 966 3450; x_wconf 81' lang='lat' dir='ltr'>cognomine</span> <span class='ocrx_word' id='word_1_459' title='bbox 977 3387 1010 3435; x_wconf 90' lang='lat' dir='ltr'>ad</span> <span class='ocrx_word' id='word_1_460' title='bbox 1026 3387 1081 3437; x_wconf 93' lang='lat' dir='ltr'>Nili</span> <span class='ocrx_word' id='word_1_461' title='bbox 1094 3386 1188 3441; x_wconf 88' lang='lat' dir='ltr'>fluenta</span> <span class='ocrx_word' id='word_1_462' title='bbox 1199 3397 1324 3452; x_wconf 88' lang='lat' dir='ltr'>querente,</span> 
     </span>
     <span class='ocr_line' id='line_1_52' title="bbox 721 3464 1326 3529; baseline 0.01 -16"><span class='ocrx_word' id='word_1_463' title='bbox 721 3465 822 3513; x_wconf 85' lang='lat' dir='ltr'>advenit</span> <span class='ocrx_word' id='word_1_464' title='bbox 834 3464 968 3528; x_wconf 86' lang='lat' dir='ltr'>Euripides</span> <span class='ocrx_word' id='word_1_465' title='bbox 977 3464 1123 3514; x_wconf 87' lang='lat' dir='ltr'>Menelaum</span> <span class='ocrx_word' id='word_1_466' title='bbox 1134 3481 1218 3529; x_wconf 89' lang='lat' dir='ltr'>agens,</span> <span class='ocrx_word' id='word_1_467' title='bbox 1230 3474 1257 3519; x_wconf 88' lang='lat' dir='ltr'>ut</span> <span class='ocrx_word' id='word_1_468' title='bbox 1269 3477 1326 3519; x_wconf 86' lang='lat' dir='ltr'>eum</span> 
     </span>
     <span class='ocr_line' id='line_1_53' title="bbox 723 3542 1327 3609; baseline 0.007 -19"><span class='ocrx_word' id='word_1_469' title='bbox 723 3542 828 3606; x_wconf 85' lang='lat' dir='ltr'>eripiat3</span> <span class='ocrx_word' id='word_1_470' title='bbox 846 3542 891 3591; x_wconf 90' lang='lat' dir='ltr'>sed</span> <span class='ocrx_word' id='word_1_471' title='bbox 902 3542 1036 3591; x_wconf 88' lang='lat' dir='ltr'>accedente</span> <span class='ocrx_word' id='word_1_472' title='bbox 1047 3551 1153 3607; x_wconf 90' lang='lat' dir='ltr'>prytane</span> <span class='ocrx_word' id='word_1_473' title='bbox 1164 3544 1249 3607; x_wconf 84' lang='lat' dir='ltr'>fugere</span> <span class='ocrx_word' id='word_1_474' title='bbox 1261 3546 1327 3609; x_wconf 85' lang='lat' dir='ltr'>cogi·</span> 
     </span>
     <span class='ocr_line' id='line_1_54' title="bbox 720 3620 1326 3685; baseline 0 -16"><span class='ocrx_word' id='word_1_475' title='bbox 720 3628 768 3680; x_wconf 87' lang='lat' dir='ltr'>tur,</span> <span class='ocrx_word' id='word_1_476' title='bbox 782 3635 861 3668; x_wconf 88' lang='lat' dir='ltr'>novas</span> <span class='ocrx_word' id='word_1_477' title='bbox 871 3620 999 3668; x_wconf 88' lang='lat' dir='ltr'>machinas</span> <span class='ocrx_word' id='word_1_478' title='bbox 1016 3622 1172 3684; x_wconf 89' lang='lat' dir='ltr'>promittens,</span> <span class='ocrx_word' id='word_1_479' title='bbox 1187 3623 1326 3685; x_wconf 76' lang='lat'><strong>871-927.</strong></span> 
     </span>
     <span class='ocr_line' id='line_1_55' title="bbox 722 3693 1327 3749; baseline 0.002 -4"><span class='ocrx_word' id='word_1_480' title='bbox 722 3696 809 3749; x_wconf 85' lang='lat' dir='ltr'>Asseri</span> <span class='ocrx_word' id='word_1_481' title='bbox 827 3693 945 3749; x_wconf 80' lang='lat' dir='ltr'>astridius</span> <span class='ocrx_word' id='word_1_482' title='bbox 968 3695 1139 3747; x_wconf 85' lang='lat' dir='ltr'>Mnesilochus</span> <span class='ocrx_word' id='word_1_483' title='bbox 1161 3698 1205 3745; x_wconf 92' lang='lat' dir='ltr'>ubi</span> <span class='ocrx_word' id='word_1_484' title='bbox 1228 3698 1327 3746; x_wconf 88' lang='lat' dir='ltr'>Andro·</span> 
     </span>
     <span class='ocr_line' id='line_1_56' title="bbox 720 3771 1327 3836; baseline 0.002 -15"><span class='ocrx_word' id='word_1_485' title='bbox 720 3772 821 3823; x_wconf 87' lang='lat' dir='ltr'>medam</span> <span class='ocrx_word' id='word_1_486' title='bbox 838 3772 956 3831; x_wconf 87' lang='lat' dir='ltr'>imitatur,</span> <span class='ocrx_word' id='word_1_487' title='bbox 967 3771 1065 3831; x_wconf 89' lang='lat' dir='ltr'>iterum,</span> <span class='ocrx_word' id='word_1_488' title='bbox 1079 3773 1181 3822; x_wconf 91' lang='lat' dir='ltr'>advenit</span> <span class='ocrx_word' id='word_1_489' title='bbox 1193 3773 1327 3836; x_wconf 91' lang='lat' dir='ltr'>Euripides</span> 
     </span>
     <span class='ocr_line' id='line_1_57' title="bbox 722 3849 1326 3912; baseline 0 -15"><span class='ocrx_word' id='word_1_490' title='bbox 722 3850 804 3898; x_wconf 92' lang='lat' dir='ltr'>Persei</span> <span class='ocrx_word' id='word_1_491' title='bbox 816 3856 899 3912; x_wconf 88' lang='lat' dir='ltr'>partes</span> <span class='ocrx_word' id='word_1_492' title='bbox 910 3864 994 3912; x_wconf 88' lang='lat' dir='ltr'>agens,</span> <span class='ocrx_word' id='word_1_493' title='bbox 1005 3850 1049 3899; x_wconf 87' lang='lat' dir='ltr'>sed</span> <span class='ocrx_word' id='word_1_494' title='bbox 1059 3849 1153 3912; x_wconf 86' lang='lat' dir='ltr'>Scytha</span> <span class='ocrx_word' id='word_1_495' title='bbox 1164 3849 1232 3897; x_wconf 90' lang='lat' dir='ltr'>rudis</span> <span class='ocrx_word' id='word_1_496' title='bbox 1243 3854 1326 3898; x_wconf 90' lang='lat' dir='ltr'>custos</span> 
     </span>
     <span class='ocr_line' id='line_1_58' title="bbox 722 3925 1326 3990; baseline 0 -15"><span class='ocrx_word' id='word_1_497' title='bbox 722 3925 873 3976; x_wconf 90' lang='lat' dir='ltr'>Mnesilochi</span> <span class='ocrx_word' id='word_1_498' title='bbox 891 3926 997 3990; x_wconf 81' lang='lat' dir='ltr'>poeticis</span> <span class='ocrx_word' id='word_1_499' title='bbox 1019 3926 1148 3976; x_wconf 83' lang='lat' dir='ltr'>fraudibus</span> <span class='ocrx_word' id='word_1_500' title='bbox 1171 3926 1253 3990; x_wconf 90' lang='lat' dir='ltr'>decipi</span> <span class='ocrx_word' id='word_1_501' title='bbox 1275 3940 1326 3975; x_wconf 92' lang='lat' dir='ltr'>non</span> 
     </span>
     <span class='ocr_line' id='line_1_59' title="bbox 720 4004 1324 4070; baseline -0.002 -16"><span class='ocrx_word' id='word_1_502' title='bbox 720 4012 812 4070; x_wconf 80' lang='lat' dir='ltr'>potest,</span> <span class='ocrx_word' id='word_1_503' title='bbox 828 4015 996 4067; x_wconf 81' lang='lat'><strong>1015-1133.</strong></span> <span class='ocrx_word' id='word_1_504' title='bbox 1017 4005 1102 4067; x_wconf 81' lang='lat' dir='ltr'>Quare</span> <span class='ocrx_word' id='word_1_505' title='bbox 1114 4004 1324 4067; x_wconf 86' lang='lat' dir='ltr'>Thesmophoria·</span> 
     </span>
     <span class='ocr_line' id='line_1_60' title="bbox 721 4082 1321 4146; baseline -0.002 -15"><span class='ocrx_word' id='word_1_506' title='bbox 721 4083 784 4134; x_wconf 80' lang='lat' dir='ltr'>ausis</span> <span class='ocrx_word' id='word_1_507' title='bbox 800 4099 888 4146; x_wconf 90' lang='lat' dir='ltr'>pacem</span> <span class='ocrx_word' id='word_1_508' title='bbox 899 4082 979 4143; x_wconf 86' lang='lat' dir='ltr'>offert,</span> <span class='ocrx_word' id='word_1_509' title='bbox 993 4099 1020 4132; x_wconf 93' lang='lat' dir='ltr'>se</span> <span class='ocrx_word' id='word_1_510' title='bbox 1031 4099 1168 4146; x_wconf 89' lang='lat' dir='ltr'>numquam</span> <span class='ocrx_word' id='word_1_511' title='bbox 1185 4083 1251 4145; x_wconf 79' lang='lat' dir='ltr'>ipsas</span> <span class='ocrx_word' id='word_1_512' title='bbox 1263 4097 1321 4130; x_wconf 89' lang='lat' dir='ltr'>con·</span> 
     </span>
     <span class='ocr_line' id='line_1_61' title="bbox 722 4159 1325 4224; baseline 0 -15"><span class='ocrx_word' id='word_1_513' title='bbox 722 4160 787 4210; x_wconf 87' lang='lat' dir='ltr'>vicio</span> <span class='ocrx_word' id='word_1_514' title='bbox 810 4159 933 4214; x_wconf 85' lang='lat' dir='ltr'>laesurum</span> <span class='ocrx_word' id='word_1_515' title='bbox 950 4160 1112 4224; x_wconf 82' lang='lat' dir='ltr'>promittens3</span> <span class='ocrx_word' id='word_1_516' title='bbox 1134 4159 1245 4208; x_wconf 88' lang='lat' dir='ltr'>oblatam</span> <span class='ocrx_word' id='word_1_517' title='bbox 1263 4160 1325 4209; x_wconf 88' lang='lat' dir='ltr'>acci·</span> 
     </span>
     <span class='ocr_line' id='line_1_62' title="bbox 721 4236 1327 4302; baseline 0.003 -16"><span class='ocrx_word' id='word_1_518' title='bbox 721 4241 794 4302; x_wconf 92' lang='lat' dir='ltr'>piunt</span> <span class='ocrx_word' id='word_1_519' title='bbox 817 4239 949 4298; x_wconf 86' lang='lat' dir='ltr'>mulieres;</span> <span class='ocrx_word' id='word_1_520' title='bbox 976 4238 1009 4293; x_wconf 88' lang='lat' dir='ltr'>ab</span> <span class='ocrx_word' id='word_1_521' title='bbox 1039 4236 1132 4300; x_wconf 89' lang='lat' dir='ltr'>Scytha</span> <span class='ocrx_word' id='word_1_522' title='bbox 1157 4237 1211 4300; x_wconf 90' lang='lat' dir='ltr'>ipse</span> <span class='ocrx_word' id='word_1_523' title='bbox 1233 4238 1327 4288; x_wconf 85' lang='lat' dir='ltr'>auferat</span> 
     </span>
     <span class='ocr_line' id='line_1_63' title="bbox 721 4314 1328 4377; baseline 0.003 -13"><span class='ocrx_word' id='word_1_524' title='bbox 721 4332 842 4374; x_wconf 92' lang='lat' dir='ltr'>socerum,</span> <span class='ocrx_word' id='word_1_525' title='bbox 858 4314 1028 4377; x_wconf 77' lang='lat' dir='ltr'>ndo—1171.</span> <span class='ocrx_word' id='word_1_526' title='bbox 1062 4315 1147 4377; x_wconf 88' lang='lat' dir='ltr'>Quare</span> <span class='ocrx_word' id='word_1_527' title='bbox 1163 4331 1221 4364; x_wconf 90' lang='lat' dir='ltr'>eum</span> <span class='ocrx_word' id='word_1_528' title='bbox 1232 4318 1328 4366; x_wconf 86' lang='lat' dir='ltr'>accedit</span> 
     </span>
    </p>
   </div>
   <div class='ocr_carea' id='block_1_10' title="bbox 72 4390 1329 4456">
    <p class='ocr_par' dir='ltr' id='par_1_10' title="bbox 72 4390 1329 4456">
     <span class='ocr_line' id='line_1_64' title="bbox 72 4390 1329 4456; baseline 0.002 -14"><span class='ocrx_word' id='word_1_529' title='bbox 72 4400 96 4442; x_wconf 87' lang='lat' dir='ltr'>et</span> <span class='ocrx_word' id='word_1_530' title='bbox 118 4392 144 4440; x_wconf 90' lang='lat' dir='ltr'>in</span> <span class='ocrx_word' id='word_1_531' title='bbox 162 4406 254 4455; x_wconf 86' lang='lat' dir='ltr'>genere</span> <span class='ocrx_word' id='word_1_532' title='bbox 271 4390 308 4451; x_wconf 70' lang='grc' dir='ltr'>τῷ</span> <span class='ocrx_word' id='word_1_533' title='bbox 324 4392 391 4452; x_wconf 75' lang='grc' dir='ltr'>δήμῳ</span> <span class='ocrx_word' id='word_1_534' title='bbox 408 4393 457 4439; x_wconf 79' lang='grc' dir='ltr'>τῶν</span> <span class='ocrx_word' id='word_1_535' title='bbox 473 4392 624 4455; x_wconf 77' lang='grc' dir='ltr'>πανούργων,</span> <span class='ocrx_word' id='word_1_536' title='bbox 637 4391 680 4455; x_wconf 92' lang='lat' dir='ltr'>qui</span> <span class='ocrx_word' id='word_1_537' title='bbox 722 4402 749 4443; x_wconf 90' lang='lat' dir='ltr'>ut</span> <span class='ocrx_word' id='word_1_538' title='bbox 770 4411 832 4447; x_wconf 89' lang='lat' dir='ltr'>anus</span> <span class='ocrx_word' id='word_1_539' title='bbox 850 4395 980 4447; x_wconf 85' lang='lat' dir='ltr'>lenaeum</span> <span class='ocrx_word' id='word_1_540' title='bbox 997 4394 1154 4445; x_wconf 88' lang='lat' dir='ltr'>meretricula</span> <span class='ocrx_word' id='word_1_541' title='bbox 1169 4403 1194 4447; x_wconf 87' lang='lat' dir='ltr'>et</span> <span class='ocrx_word' id='word_1_542' title='bbox 1211 4396 1329 4456; x_wconf 89' lang='lat' dir='ltr'>tibicine;</span> 
     </span>
    </p>
   </div>
   <div class='ocr_carea' id='block_1_11' title="bbox 676 4489 1228 4546">
    <p class='ocr_par' dir='ltr' id='par_1_11' title="bbox 676 4489 1228 4546">
     <span class='ocr_line' id='line_1_65' title="bbox 676 4489 1228 4546; baseline -0.004 -3"><span class='ocrx_word' id='word_1_543' title='bbox 676 4489 730 4543; x_wconf 55' lang='grc' dir='ltr'>(ὅτι)</span> <span class='ocrx_word' id='word_1_544' title='bbox 1193 4492 1228 4546; x_wconf 84' lang='grc'>66</span> 
     </span>
    </p>
   </div>
   <div class='ocr_carea' id='block_1_12' title="bbox 0 0 1642 5268">
    <p class='ocr_par' dir='ltr' id='par_1_12' title="bbox 0 0 1642 5268">
     <span class='ocr_line' id='line_1_66' title="bbox 0 0 1642 5268; baseline 0 3"><span class='ocrx_word' id='word_1_545' title='bbox 0 0 1642 5268; x_wconf 95' lang='lat' dir='ltr'> </span> 
     </span>
    </p>
   </div>
  </div>
 </body>
</html>
