<?xml version="1.0" encoding="UTF-8"?>
<!DOCTYPE html PUBLIC "-//W3C//DTD XHTML 1.0 Transitional//EN"
    "http://www.w3.org/TR/xhtml1/DTD/xhtml1-transitional.dtd">
<html xmlns="http://www.w3.org/1999/xhtml" xml:lang="en" lang="en">
 <head>
  <title>
</title>
<meta http-equiv="Content-Type" content="text/html;charset=utf-8" />
  <meta name='ocr-system' content='tesseract 3.04.00' />
  <meta name='ocr-capabilities' content='ocr_page ocr_carea ocr_par ocr_line ocrx_word'/>
</head>
<body>
  <div class='ocr_page' id='page_1' title='image "./onomasticonaris00holdgoog/onomasticonaris00holdgoog_0045.png"; bbox 0 0 3276 5268; ppageno 0'>
   <div class='ocr_carea' id='block_1_1' title="bbox 608 397 1203 513">
    <p class='ocr_par' dir='ltr' id='par_1_1' title="bbox 608 397 1203 513">
     <span class='ocr_line' id='line_1_1' title="bbox 608 397 1203 513; baseline 0.015 -26"><span class='ocrx_word' id='word_1_1' title='bbox 608 420 782 506; x_wconf 72' lang='grc' dir='ltr'>Ἐξηκεστί</span> <span class='ocrx_word' id='word_1_2' title='bbox 820 422 1161 513; x_wconf 77' lang='lat' dir='ltr'><strong>s—’Errrrcpdrns</strong></span> <span class='ocrx_word' id='word_1_3' title='bbox 1196 397 1203 404; x_wconf 26' lang='grc' dir='ltr'>ί</span> 
     </span>
    </p>
   </div>
   <div class='ocr_carea' id='block_1_2' title="bbox 245 587 1575 1592">
    <p class='ocr_par' dir='ltr' id='par_1_2' title="bbox 245 587 1575 1592">
     <span class='ocr_line' id='line_1_2' title="bbox 265 587 1515 658; baseline 0.002 -19"><span class='ocrx_word' id='word_1_4' title='bbox 265 605 340 653; x_wconf 91' lang='lat' dir='ltr'><strong>quam</strong></span> <span class='ocrx_word' id='word_1_5' title='bbox 351 588 405 654; x_wconf 89' lang='lat' dir='ltr'><strong>ipse</strong></span> <span class='ocrx_word' id='word_1_6' title='bbox 414 590 588 640; x_wconf 88' lang='lat' dir='ltr'><strong>Romanorum</strong></span> <span class='ocrx_word' id='word_1_7' title='bbox 597 591 689 641; x_wconf 89' lang='lat' dir='ltr'><strong>Marsa</strong></span> <span class='ocrx_word' id='word_1_8' title='bbox 698 592 804 642; x_wconf 85' lang='lat' dir='ltr'><strong>Bellona</strong></span> <span class='ocrx_word' id='word_1_9' title='bbox 812 593 868 654; x_wconf 86' lang='lat' dir='ltr'><strong>dea,</strong></span> <span class='ocrx_word' id='word_1_10' title='bbox 910 593 1054 658; x_wconf 85' lang='lat' dir='ltr'><strong>Epicratem</strong></span> <span class='ocrx_word' id='word_1_11' title='bbox 1071 587 1184 658; x_wconf 86' lang='lat' dir='ltr'><strong>plurimis</strong></span> <span class='ocrx_word' id='word_1_12' title='bbox 1201 593 1274 642; x_wconf 88' lang='lat' dir='ltr'><strong>donis</strong></span> <span class='ocrx_word' id='word_1_13' title='bbox 1285 610 1301 643; x_wconf 93' lang='lat' dir='ltr'><strong>a</strong></span> <span class='ocrx_word' id='word_1_14' title='bbox 1311 609 1369 658; x_wconf 88' lang='lat' dir='ltr'><strong>rege</strong></span> <span class='ocrx_word' id='word_1_15' title='bbox 1381 594 1515 643; x_wconf 83' lang='lat' dir='ltr'><strong>Persarum</strong></span> 
     </span>
     <span class='ocr_line' id='line_1_3' title="bbox 262 665 1514 736; baseline 0.003 -21"><span class='ocrx_word' id='word_1_16' title='bbox 262 675 305 716; x_wconf 88' lang='lat' dir='ltr'><strong>aut</strong></span> <span class='ocrx_word' id='word_1_17' title='bbox 325 669 436 724; x_wconf 79' lang='grc' dir='ltr'>Πόλεμος</span> <span class='ocrx_word' id='word_1_18' title='bbox 458 668 491 717; x_wconf 88' lang='lat' dir='ltr'><strong>ab</strong></span> <span class='ocrx_word' id='word_1_19' title='bbox 509 665 603 731; x_wconf 59' lang='lat' dir='ltr'><strong>&#39;Apta’</strong></span> <span class='ocrx_word' id='word_1_20' title='bbox 637 682 764 718; x_wconf 77' lang='lat' dir='ltr'><strong>RICHTER</strong></span> <span class='ocrx_word' id='word_1_21' title='bbox 782 672 815 719; x_wconf 92' lang='lat' dir='ltr'><strong>ad</strong></span> <span class='ocrx_word' id='word_1_22' title='bbox 838 670 866 734; x_wconf 89' lang='lat' dir='ltr'><strong>l.)</strong></span> <span class='ocrx_word' id='word_1_23' title='bbox 909 680 1054 736; x_wconf 85' lang='lat' dir='ltr'><strong>corruptum</strong></span> <span class='ocrx_word' id='word_1_24' title='bbox 1078 687 1132 721; x_wconf 89' lang='lat' dir='ltr'><strong>esse</strong></span> <span class='ocrx_word' id='word_1_25' title='bbox 1156 672 1209 735; x_wconf 88' lang='lat' dir='ltr'><strong>ipse</strong></span> <span class='ocrx_word' id='word_1_26' title='bbox 1229 671 1289 721; x_wconf 91' lang='lat' dir='ltr'><strong>dicit</strong></span> <span class='ocrx_word' id='word_1_27' title='bbox 1313 671 1461 721; x_wconf 79' lang='lat' dir='ltr'>Athenaeus</span> <span class='ocrx_word' id='word_1_28' title='bbox 1483 684 1514 719; x_wconf 89' lang='lat' dir='ltr'><strong>v1</strong></span> 
     </span>
     <span class='ocr_line' id='line_1_4' title="bbox 263 745 1515 814; baseline 0.004 -21"><span class='ocrx_word' id='word_1_29' title='bbox 263 745 429 795; x_wconf 88' lang='lat' dir='ltr'><strong>Athenienses</strong></span> <span class='ocrx_word' id='word_1_30' title='bbox 440 746 592 795; x_wconf 87' lang='lat' dir='ltr'><strong>diversuma</strong></span> <span class='ocrx_word' id='word_1_31' title='bbox 607 747 690 796; x_wconf 89' lang='lat' dir='ltr'><strong>Marte</strong></span> <span class='ocrx_word' id='word_1_32' title='bbox 706 748 866 810; x_wconf 88' lang='lat' dir='ltr'><strong>Enyalium</strong></span> <span class='ocrx_word' id='word_1_33' title='bbox 908 761 1032 812; x_wconf 66' lang='grc'>111511.</span> <span class='ocrx_word' id='word_1_34' title='bbox 1067 750 1143 799; x_wconf 89' lang='lat' dir='ltr'>Adde</span> <span class='ocrx_word' id='word_1_35' title='bbox 1167 750 1326 798; x_wconf 87' lang='lat' dir='ltr'><strong>Plutarchum</strong></span> <span class='ocrx_word' id='word_1_36' title='bbox 1348 753 1375 798; x_wconf 89' lang='lat' dir='ltr'><strong>in</strong></span> <span class='ocrx_word' id='word_1_37' title='bbox 1396 750 1515 814; x_wconf 82' lang='lat' dir='ltr'><strong>Pelopida</strong></span> 
     </span>
     <span class='ocr_line' id='line_1_5' title="bbox 262 822 1516 890; baseline 0.004 -19"><span class='ocrx_word' id='word_1_38' title='bbox 262 822 368 872; x_wconf 89' lang='lat' dir='ltr'><strong>coluisse</strong></span> <span class='ocrx_word' id='word_1_39' title='bbox 388 823 463 871; x_wconf 82' lang='lat' dir='ltr'><strong>tradit</strong></span> <span class='ocrx_word' id='word_1_40' title='bbox 482 823 545 872; x_wconf 90' lang='lat' dir='ltr'><strong>Ven.</strong></span> <span class='ocrx_word' id='word_1_41' title='bbox 567 823 718 874; x_wconf 87' lang='lat' dir='ltr'><strong>Scholiastes</strong></span> <span class='ocrx_word' id='word_1_42' title='bbox 735 825 767 873; x_wconf 92' lang='lat' dir='ltr'><strong>ad</strong></span> <span class='ocrx_word' id='word_1_43' title='bbox 786 825 865 874; x_wconf 90' lang='lat' dir='ltr'><strong>Hom.</strong></span> <span class='ocrx_word' id='word_1_44' title='bbox 909 842 930 875; x_wconf 84' lang='lat' dir='ltr'><strong>c.</strong></span> <span class='ocrx_word' id='word_1_45' title='bbox 949 842 981 890; x_wconf 82' lang='lat'><strong>30</strong></span> <span class='ocrx_word' id='word_1_46' title='bbox 997 827 1193 890; x_wconf 77' lang='grc' dir='ltr'>Ἐπικράτους</span> <span class='ocrx_word' id='word_1_47' title='bbox 1211 830 1270 890; x_wconf 76' lang='grc' dir='ltr'>γοῦν</span> <span class='ocrx_word' id='word_1_48' title='bbox 1290 845 1351 877; x_wconf 86' lang='grc' dir='ltr'>ποτε</span> <span class='ocrx_word' id='word_1_49' title='bbox 1370 830 1413 877; x_wconf 82' lang='grc' dir='ltr'>τοῦ</span> <span class='ocrx_word' id='word_1_50' title='bbox 1431 846 1516 877; x_wconf 86' lang='grc' dir='ltr'>σακε-</span> 
     </span>
     <span class='ocr_line' id='line_1_6' title="bbox 262 899 1516 969; baseline 0.006 -21"><span class='ocrx_word' id='word_1_51' title='bbox 262 899 295 949; x_wconf 87' lang='lat' dir='ltr'><strong>Il.</strong></span> <span class='ocrx_word' id='word_1_52' title='bbox 320 912 383 948; x_wconf 83' lang='grc'>111111</span> <span class='ocrx_word' id='word_1_53' title='bbox 404 914 459 949; x_wconf 76' lang='grc'>111.</span> <span class='ocrx_word' id='word_1_54' title='bbox 493 901 616 950; x_wconf 89' lang='lat' dir='ltr'><strong>Probatur</strong></span> <span class='ocrx_word' id='word_1_55' title='bbox 638 901 663 949; x_wconf 91' lang='lat' dir='ltr'><strong>id</strong></span> <span class='ocrx_word' id='word_1_56' title='bbox 686 902 739 951; x_wconf 93' lang='lat' dir='ltr'><strong>iure</strong></span> <span class='ocrx_word' id='word_1_57' title='bbox 761 903 866 951; x_wconf 89' lang='lat' dir='ltr'><strong>iurando</strong></span> <span class='ocrx_word' id='word_1_58' title='bbox 908 903 1090 968; x_wconf 76' lang='grc' dir='ltr'>σφάροομίηπε</span> <span class='ocrx_word' id='word_1_59' title='bbox 1099 908 1240 968; x_wconf 80' lang='grc' dir='ltr'>ἀρνουμένου</span> <span class='ocrx_word' id='word_1_60' title='bbox 1248 906 1312 969; x_wconf 79' lang='grc' dir='ltr'>δῶρα</span> <span class='ocrx_word' id='word_1_61' title='bbox 1320 909 1436 966; x_wconf 74' lang='grc' dir='ltr'>δέξασθαι</span> <span class='ocrx_word' id='word_1_62' title='bbox 1444 905 1516 969; x_wconf 80' lang='grc' dir='ltr'>παρά</span> 
     </span>
     <span class='ocr_line' id='line_1_7' title="bbox 262 978 1512 1047; baseline 0.006 -19"><span class='ocrx_word' id='word_1_63' title='bbox 262 978 580 1043; x_wconf 84' lang='lat' dir='ltr'><strong>epheborumAttlcorum:</strong></span> <span class='ocrx_word' id='word_1_64' title='bbox 592 981 864 1043; x_wconf 81' lang='grc' dir='ltr'>ίστορεςθεοί,”Αγραυ·</span> <span class='ocrx_word' id='word_1_65' title='bbox 906 986 1035 1046; x_wconf 79' lang='grc' dir='ltr'>βασιλέως,</span> <span class='ocrx_word' id='word_1_66' title='bbox 1054 981 1172 1047; x_wconf 72' lang='grc' dir='ltr'>ψήφισμά</span> <span class='ocrx_word' id='word_1_67' title='bbox 1188 1003 1217 1032; x_wconf 88' lang='grc' dir='ltr'><strong>τε</strong></span> <span class='ocrx_word' id='word_1_68' title='bbox 1238 984 1343 1047; x_wconf 74' lang='grc' dir='ltr'>γράφειν</span> <span class='ocrx_word' id='word_1_69' title='bbox 1364 983 1512 1046; x_wconf 78' lang='grc' dir='ltr'>φάσκοντος,</span> 
     </span>
     <span class='ocr_line' id='line_1_8' title="bbox 263 1054 1514 1124; baseline 0.005 -19"><span class='ocrx_word' id='word_1_70' title='bbox 263 1059 313 1114; x_wconf 81' lang='grc' dir='ltr'>λος,</span> <span class='ocrx_word' id='word_1_71' title='bbox 329 1054 488 1113; x_wconf 78' lang='grc' dir='ltr'>Ἐνυάλιος,</span> <span class='ocrx_word' id='word_1_72' title='bbox 504 1057 586 1117; x_wconf 74' lang='grc' dir='ltr'>Ἄρης,</span> <span class='ocrx_word' id='word_1_73' title='bbox 603 1058 667 1116; x_wconf 79' lang='grc' dir='ltr'>Ζεύς,</span> <span class='ocrx_word' id='word_1_74' title='bbox 680 1057 706 1105; x_wconf 90' lang='lat' dir='ltr'><strong>in</strong></span> <span class='ocrx_word' id='word_1_75' title='bbox 723 1073 773 1121; x_wconf 91' lang='lat' dir='ltr'><strong>quo</strong></span> <span class='ocrx_word' id='word_1_76' title='bbox 787 1074 864 1122; x_wconf 89' lang='lat' dir='ltr'><strong>quum</strong></span> <span class='ocrx_word' id='word_1_77' title='bbox 908 1063 1097 1111; x_wconf 62' lang='lat' dir='ltr'><strong>introitura</strong></span> <span class='ocrx_word' id='word_1_78' title='bbox 1114 1063 1239 1124; x_wconf 74' lang='grc' dir='ltr'>ἀρχόντων</span> <span class='ocrx_word' id='word_1_79' title='bbox 1254 1065 1447 1124; x_wconf 69' lang='grc' dir='ltr'>χειροτονεῖσθαι</span> <span class='ocrx_word' id='word_1_80' title='bbox 1457 1064 1514 1111; x_wconf 86' lang='grc' dir='ltr'>κατ’</span> 
     </span>
     <span class='ocr_line' id='line_1_9' title="bbox 245 1122 1515 1204; baseline 0.008 -26"><span class='ocrx_word' id='word_1_81' title='bbox 245 1135 353 1198; x_wconf 80' lang='lat' dir='ltr'><strong>,singuli</strong></span> <span class='ocrx_word' id='word_1_82' title='bbox 365 1135 468 1199; x_wconf 86' lang='lat' dir='ltr'><strong>singulis</strong></span> <span class='ocrx_word' id='word_1_83' title='bbox 479 1135 621 1183; x_wconf 91' lang='lat' dir='ltr'><strong>nominibus</strong></span> <span class='ocrx_word' id='word_1_84' title='bbox 632 1144 805 1199; x_wconf 89' lang='lat' dir='ltr'><strong>nuncupentur</strong></span> <span class='ocrx_word' id='word_1_85' title='bbox 821 1137 864 1197; x_wconf 88' lang='lat' dir='ltr'><strong>dii,</strong></span> <span class='ocrx_word' id='word_1_86' title='bbox 908 1140 1015 1187; x_wconf 89' lang='grc' dir='ltr'>ἐνιαυτδν</span> <span class='ocrx_word' id='word_1_87' title='bbox 1036 1122 1104 1189; x_wconf 78' lang='grc' dir='ltr'>ἐννέα</span> <span class='ocrx_word' id='word_1_88' title='bbox 1126 1142 1240 1203; x_wconf 80' lang='grc' dir='ltr'>πρέσβεις</span> <span class='ocrx_word' id='word_1_89' title='bbox 1262 1143 1321 1204; x_wconf 81' lang='grc' dir='ltr'>πρδς</span> <span class='ocrx_word' id='word_1_90' title='bbox 1337 1144 1446 1204; x_wconf 81' lang='grc' dir='ltr'>βασιλέα</span> <span class='ocrx_word' id='word_1_91' title='bbox 1464 1140 1515 1189; x_wconf 73' lang='grc' dir='ltr'>τιῖιν</span> 
     </span>
     <span class='ocr_line' id='line_1_10' title="bbox 262 1211 1515 1280; baseline 0.004 -17"><span class='ocrx_word' id='word_1_92' title='bbox 262 1211 329 1263; x_wconf 68' lang='lat' dir='ltr'><strong>recle</strong></span> <span class='ocrx_word' id='word_1_93' title='bbox 346 1211 488 1261; x_wconf 90' lang='lat' dir='ltr'><strong>Lobeckius</strong></span> <span class='ocrx_word' id='word_1_94' title='bbox 499 1212 532 1260; x_wconf 89' lang='lat' dir='ltr'><strong>ad</strong></span> <span class='ocrx_word' id='word_1_95' title='bbox 543 1213 617 1276; x_wconf 73' lang='lat' dir='ltr'><strong>Sepla.</strong></span> <span class='ocrx_word' id='word_1_96' title='bbox 629 1213 703 1262; x_wconf 79' lang='lat' dir='ltr'><strong>Aine.</strong></span> <span class='ocrx_word' id='word_1_97' title='bbox 716 1229 739 1261; x_wconf 84' lang='lat' dir='ltr'><strong>v.</strong></span> <span class='ocrx_word' id='word_1_98' title='bbox 756 1214 801 1275; x_wconf 81' lang='lat'><strong>178</strong></span> <span class='ocrx_word' id='word_1_99' title='bbox 812 1230 864 1262; x_wconf 90' lang='lat' dir='ltr'><strong>mo·</strong></span> <span class='ocrx_word' id='word_1_100' title='bbox 907 1216 1040 1275; x_wconf 69' lang='grc' dir='ltr'>δημοτικῶν</span> <span class='ocrx_word' id='word_1_101' title='bbox 1058 1219 1099 1266; x_wconf 86' lang='grc' dir='ltr'>καί</span> <span class='ocrx_word' id='word_1_102' title='bbox 1122 1217 1236 1279; x_wconf 77' lang='grc' dir='ltr'>πενίητων,</span> <span class='ocrx_word' id='word_1_103' title='bbox 1259 1221 1323 1269; x_wconf 76' lang='grc' dir='ltr'>ὅπως</span> <span class='ocrx_word' id='word_1_104' title='bbox 1345 1218 1515 1280; x_wconf 77' lang='grc' dir='ltr'>λαμβάνοντες</span> 
     </span>
     <span class='ocr_line' id='line_1_11' title="bbox 261 1289 1515 1362; baseline 0.003 -19"><span class='ocrx_word' id='word_1_105' title='bbox 261 1300 305 1342; x_wconf 88' lang='lat' dir='ltr'><strong>net</strong></span> <span class='ocrx_word' id='word_1_106' title='bbox 331 1289 483 1340; x_wconf 76' lang='grc' dir='ltr'>Ἐνυάλιος</span> <span class='ocrx_word' id='word_1_107' title='bbox 509 1306 559 1339; x_wconf 88' lang='lat' dir='ltr'><strong>nun</strong></span> <span class='ocrx_word' id='word_1_108' title='bbox 587 1306 661 1355; x_wconf 90' lang='lat' dir='ltr'><strong>posse</strong></span> <span class='ocrx_word' id='word_1_109' title='bbox 683 1307 730 1355; x_wconf 89' lang='lat' dir='ltr'><strong>pro</strong></span> <span class='ocrx_word' id='word_1_110' title='bbox 752 1292 863 1356; x_wconf 90' lang='lat' dir='ltr'><strong>epitheto</strong></span> <span class='ocrx_word' id='word_1_111' title='bbox 907 1296 1047 1356; x_wconf 77' lang='grc' dir='ltr'>εὐπορῶσιν,</span> <span class='ocrx_word' id='word_1_112' title='bbox 1070 1297 1188 1356; x_wconf 74' lang='grc' dir='ltr'>ἐηέλασεν</span> <span class='ocrx_word' id='word_1_113' title='bbox 1210 1297 1223 1345; x_wconf 87' lang='grc' dir='ltr'><strong>ὀ</strong></span> <span class='ocrx_word' id='word_1_114' title='bbox 1243 1298 1322 1357; x_wconf 80' lang='grc' dir='ltr'>δῆμος.</span> <span class='ocrx_word' id='word_1_115' title='bbox 1358 1298 1413 1346; x_wconf 92' lang='lat' dir='ltr'><strong>Etsi</strong></span> <span class='ocrx_word' id='word_1_116' title='bbox 1436 1298 1515 1362; x_wconf 88' lang='lat' dir='ltr'><strong>igitur</strong></span> 
     </span>
     <span class='ocr_line' id='line_1_12' title="bbox 262 1369 1575 1440; baseline 0.005 -22"><span class='ocrx_word' id='word_1_117' title='bbox 262 1370 351 1418; x_wconf 87' lang='lat' dir='ltr'><strong>Martis</strong></span> <span class='ocrx_word' id='word_1_118' title='bbox 362 1369 456 1418; x_wconf 89' lang='lat' dir='ltr'><strong>haberi.</strong></span> <span class='ocrx_word' id='word_1_119' title='bbox 494 1369 613 1417; x_wconf 87' lang='lat' dir='ltr'><strong>‘Videtur</strong></span> <span class='ocrx_word' id='word_1_120' title='bbox 623 1369 720 1419; x_wconf 81' lang='lat' dir='ltr'><strong>autern&#39;</strong></span> <span class='ocrx_word' id='word_1_121' title='bbox 737 1372 772 1418; x_wconf 91' lang='lat' dir='ltr'><strong>ait</strong></span> <span class='ocrx_word' id='word_1_122' title='bbox 784 1370 863 1418; x_wconf 90' lang='lat' dir='ltr'><strong>Wun·</strong></span> <span class='ocrx_word' id='word_1_123' title='bbox 907 1372 1067 1436; x_wconf 87' lang='lat' dir='ltr'><strong>Epicrates</strong></span> <span class='ocrx_word' id='word_1_124' title='bbox 1083 1380 1108 1422; x_wconf 90' lang='lat' dir='ltr'><strong>et</strong></span> <span class='ocrx_word' id='word_1_125' title='bbox 1126 1374 1277 1423; x_wconf 90' lang='lat' dir='ltr'><strong>Phormisius</strong></span> <span class='ocrx_word' id='word_1_126' title='bbox 1294 1391 1326 1424; x_wconf 92' lang='lat' dir='ltr'><strong>ne</strong></span> <span class='ocrx_word' id='word_1_127' title='bbox 1342 1375 1390 1439; x_wconf 89' lang='lat' dir='ltr'><strong>ipsi</strong></span> <span class='ocrx_word' id='word_1_128' title='bbox 1407 1377 1513 1440; x_wconf 89' lang='lat' dir='ltr'><strong>quidem</strong></span> <span class='ocrx_word' id='word_1_129' title='bbox 1570 1398 1575 1407; x_wconf 49' lang='grc' dir='ltr'>ν</span> 
     </span>
     <span class='ocr_line' id='line_1_13' title="bbox 263 1446 1513 1518; baseline 0.002 -21"><span class='ocrx_word' id='word_1_130' title='bbox 263 1449 336 1499; x_wconf 85' lang='lat' dir='ltr'><strong>derus</strong></span> <span class='ocrx_word' id='word_1_131' title='bbox 356 1448 472 1499; x_wconf 85' lang='lat' dir='ltr'><strong>‘nomine</strong></span> <span class='ocrx_word' id='word_1_132' title='bbox 483 1447 527 1496; x_wconf 91' lang='lat' dir='ltr'><strong>illo</strong></span> <span class='ocrx_word' id='word_1_133' title='bbox 539 1448 630 1497; x_wconf 90' lang='lat' dir='ltr'><strong>isdeus</strong></span> <span class='ocrx_word' id='word_1_134' title='bbox 642 1446 793 1511; x_wconf 83' lang='lat' dir='ltr'><strong>significatus</strong></span> <span class='ocrx_word' id='word_1_135' title='bbox 800 1464 860 1510; x_wconf 88' lang='lat' dir='ltr'><strong>esse,</strong></span> <span class='ocrx_word' id='word_1_136' title='bbox 906 1457 1065 1512; x_wconf 89' lang='lat' dir='ltr'><strong>negaverunt,</strong></span> <span class='ocrx_word' id='word_1_137' title='bbox 1078 1449 1151 1498; x_wconf 91' lang='lat' dir='ltr'><strong>donis</strong></span> <span class='ocrx_word' id='word_1_138' title='bbox 1162 1466 1189 1499; x_wconf 89' lang='lat' dir='ltr'><strong>se</strong></span> <span class='ocrx_word' id='word_1_139' title='bbox 1200 1467 1215 1498; x_wconf 91' lang='lat' dir='ltr'><strong>a</strong></span> <span class='ocrx_word' id='word_1_140' title='bbox 1227 1467 1284 1514; x_wconf 87' lang='lat' dir='ltr'><strong>rege</strong></span> <span class='ocrx_word' id='word_1_141' title='bbox 1291 1452 1422 1501; x_wconf 88' lang='lat' dir='ltr'><strong>Persarum</strong></span> <span class='ocrx_word' id='word_1_142' title='bbox 1429 1461 1513 1518; x_wconf 90' lang='lat' dir='ltr'><strong>temp-</strong></span> 
     </span>
     <span class='ocr_line' id='line_1_14' title="bbox 261 1525 1513 1592; baseline 0.004 -17"><span class='ocrx_word' id='word_1_143' title='bbox 261 1528 305 1592; x_wconf 90' lang='lat' dir='ltr'><strong>qui</strong></span> <span class='ocrx_word' id='word_1_144' title='bbox 324 1525 446 1590; x_wconf 89' lang='lat' dir='ltr'><strong>proelium</strong></span> <span class='ocrx_word' id='word_1_145' title='bbox 465 1527 571 1574; x_wconf 89' lang='lat' dir='ltr'><strong>excitare</strong></span> <span class='ocrx_word' id='word_1_146' title='bbox 591 1526 773 1590; x_wconf 87' lang='lat' dir='ltr'><strong>tumultumque</strong></span> <span class='ocrx_word' id='word_1_147' title='bbox 792 1525 862 1575; x_wconf 89' lang='lat' dir='ltr'><strong>belli·</strong></span> <span class='ocrx_word' id='word_1_148' title='bbox 906 1534 971 1575; x_wconf 89' lang='lat' dir='ltr'><strong>tatos</strong></span> <span class='ocrx_word' id='word_1_149' title='bbox 982 1543 1043 1585; x_wconf 90' lang='lat' dir='ltr'><strong>esse,</strong></span> <span class='ocrx_word' id='word_1_150' title='bbox 1057 1534 1127 1576; x_wconf 91' lang='lat' dir='ltr'><strong>tanta</strong></span> <span class='ocrx_word' id='word_1_151' title='bbox 1138 1535 1222 1577; x_wconf 89' lang='lat' dir='ltr'><strong>tamen</strong></span> <span class='ocrx_word' id='word_1_152' title='bbox 1234 1528 1335 1577; x_wconf 86' lang='lat' dir='ltr'><strong>illonrm</strong></span> <span class='ocrx_word' id='word_1_153' title='bbox 1345 1529 1392 1578; x_wconf 87' lang='lat' dir='ltr'><strong>suit</strong></span> <span class='ocrx_word' id='word_1_154' title='bbox 1403 1529 1513 1580; x_wconf 65' lang='lat' dir='ltr'><strong>auctori-</strong></span> 
     </span>
    </p>
   </div>
   <div class='ocr_carea' id='block_1_3' title="bbox 260 1603 1584 1671">
    <p class='ocr_par' dir='ltr' id='par_1_3' title="bbox 260 1603 1584 1671">
     <span class='ocr_line' id='line_1_15' title="bbox 260 1603 1584 1671; baseline 0.003 -18"><span class='ocrx_word' id='word_1_155' title='bbox 260 1620 319 1654; x_wconf 89' lang='lat' dir='ltr'><strong>cum</strong></span> <span class='ocrx_word' id='word_1_156' title='bbox 330 1619 486 1653; x_wconf 87' lang='lat' dir='ltr'><strong>commovere</strong></span> <span class='ocrx_word' id='word_1_157' title='bbox 497 1604 637 1668; x_wconf 88' lang='lat' dir='ltr'><strong>putabatur.</strong></span> <span class='ocrx_word' id='word_1_158' title='bbox 660 1604 730 1653; x_wconf 91' lang='lat' dir='ltr'><strong>Hinc</strong></span> <span class='ocrx_word' id='word_1_159' title='bbox 741 1604 784 1668; x_wconf 85' lang='lat' dir='ltr'><strong>qui</strong></span> <span class='ocrx_word' id='word_1_160' title='bbox 795 1603 862 1653; x_wconf 92' lang='lat' dir='ltr'><strong>bello</strong></span> <span class='ocrx_word' id='word_1_161' title='bbox 905 1610 950 1665; x_wconf 86' lang='lat' dir='ltr'><strong>tas,</strong></span> <span class='ocrx_word' id='word_1_162' title='bbox 965 1612 1034 1654; x_wconf 89' lang='lat' dir='ltr'><strong>tanta</strong></span> <span class='ocrx_word' id='word_1_163' title='bbox 1045 1606 1150 1655; x_wconf 90' lang='lat' dir='ltr'><strong>audacia</strong></span> <span class='ocrx_word' id='word_1_164' title='bbox 1165 1614 1193 1654; x_wconf 89' lang='lat' dir='ltr'><strong>ut</strong></span> <span class='ocrx_word' id='word_1_165' title='bbox 1203 1606 1284 1655; x_wconf 91' lang='lat' dir='ltr'><strong>nullas</strong></span> <span class='ocrx_word' id='word_1_166' title='bbox 1301 1607 1390 1656; x_wconf 92' lang='lat' dir='ltr'><strong>darent</strong></span> <span class='ocrx_word' id='word_1_167' title='bbox 1406 1623 1512 1671; x_wconf 91' lang='lat' dir='ltr'><strong>poenas.</strong></span> <span class='ocrx_word' id='word_1_168' title='bbox 1579 1628 1584 1638; x_wconf 89' lang='lat'><strong>·</strong></span> 
     </span>
    </p>
   </div>
   <div class='ocr_carea' id='block_1_4' title="bbox 243 1681 1525 3229">
    <p class='ocr_par' dir='ltr' id='par_1_4' title="bbox 243 1681 1525 3229">
     <span class='ocr_line' id='line_1_16' title="bbox 262 1681 1513 1749; baseline 0.003 -19"><span class='ocrx_word' id='word_1_169' title='bbox 262 1683 383 1747; x_wconf 90' lang='lat' dir='ltr'><strong>impetum</strong></span> <span class='ocrx_word' id='word_1_170' title='bbox 401 1682 481 1732; x_wconf 84' lang='lat' dir='ltr'><strong>lacere</strong></span> <span class='ocrx_word' id='word_1_171' title='bbox 498 1682 650 1746; x_wconf 83' lang='lat' dir='ltr'><strong>incipiebant</strong></span> <span class='ocrx_word' id='word_1_172' title='bbox 669 1683 704 1742; x_wconf 71' lang='grc' dir='ltr'>τῷ</span> <span class='ocrx_word' id='word_1_173' title='bbox 719 1681 863 1744; x_wconf 76' lang='grc' dir='ltr'>Ἐνυαλίῳ</span> <span class='ocrx_word' id='word_1_174' title='bbox 906 1683 937 1731; x_wconf 86' lang='grc'><strong>111</strong></span> <span class='ocrx_word' id='word_1_175' title='bbox 956 1682 994 1731; x_wconf 92' lang='lat' dir='ltr'><strong>ius</strong></span> <span class='ocrx_word' id='word_1_176' title='bbox 1009 1684 1111 1748; x_wconf 92' lang='lat' dir='ltr'><strong>quidem</strong></span> <span class='ocrx_word' id='word_1_177' title='bbox 1128 1685 1210 1734; x_wconf 78' lang='lat' dir='ltr'><strong>vocati</strong></span> <span class='ocrx_word' id='word_1_178' title='bbox 1225 1692 1282 1733; x_wconf 89' lang='lat' dir='ltr'><strong>sunt</strong></span> <span class='ocrx_word' id='word_1_179' title='bbox 1298 1693 1415 1749; x_wconf 86' lang='lat' dir='ltr'><strong>extatque</strong></span> <span class='ocrx_word' id='word_1_180' title='bbox 1433 1689 1513 1735; x_wconf 88' lang='lat' dir='ltr'><strong>etiam</strong></span> 
     </span>
     <span class='ocr_line' id='line_1_17' title="bbox 261 1758 1513 1825; baseline 0.002 -14"><span class='ocrx_word' id='word_1_181' title='bbox 261 1758 393 1817; x_wconf 73' lang='grc' dir='ltr'>ἀλαλάζειν</span> <span class='ocrx_word' id='word_1_182' title='bbox 403 1759 442 1808; x_wconf 88' lang='lat' dir='ltr'><strong>vel</strong></span> <span class='ocrx_word' id='word_1_183' title='bbox 454 1760 567 1817; x_wconf 64' lang='grc' dir='ltr'>ἐλελίζειν</span> <span class='ocrx_word' id='word_1_184' title='bbox 578 1759 703 1809; x_wconf 86' lang='lat' dir='ltr'><strong>solebant’</strong></span> <span class='ocrx_word' id='word_1_185' title='bbox 740 1816 743 1822; x_wconf 27' lang='grc' dir='ltr'>Ι</span> <span class='ocrx_word' id='word_1_186' title='bbox 905 1774 971 1808; x_wconf 90' lang='lat' dir='ltr'><strong>nunc</strong></span> <span class='ocrx_word' id='word_1_187' title='bbox 984 1761 1074 1824; x_wconf 88' lang='lat' dir='ltr'><strong>Lysiae</strong></span> <span class='ocrx_word' id='word_1_188' title='bbox 1090 1762 1170 1810; x_wconf 89' lang='lat' dir='ltr'><strong>oratio</strong></span> <span class='ocrx_word' id='word_1_189' title='bbox 1187 1778 1237 1825; x_wconf 87' lang='lat' dir='ltr'><strong>qua</strong></span> <span class='ocrx_word' id='word_1_190' title='bbox 1254 1762 1428 1825; x_wconf 86' lang='lat' dir='ltr'><strong>Epicratem</strong></span> <span class='ocrx_word' id='word_1_191' title='bbox 1445 1772 1513 1813; x_wconf 89' lang='lat' dir='ltr'><strong>cete-</strong></span> 
     </span>
     <span class='ocr_line' id='line_1_18' title="bbox 308 1834 1512 1903; baseline 0.005 -17"><span class='ocrx_word' id='word_1_192' title='bbox 308 1834 509 1901; x_wconf 73' lang='grc' dir='ltr'>Ἐξηκιστίδηςι</span> <span class='ocrx_word' id='word_1_193' title='bbox 543 1838 636 1886; x_wconf 91' lang='lat' dir='ltr'><strong>nobilis</strong></span> <span class='ocrx_word' id='word_1_194' title='bbox 663 1838 738 1887; x_wconf 82' lang='lat' dir='ltr'><strong>fuisse</strong></span> <span class='ocrx_word' id='word_1_195' title='bbox 765 1838 863 1887; x_wconf 87' lang='lat' dir='ltr'><strong>videtur</strong></span> <span class='ocrx_word' id='word_1_196' title='bbox 905 1854 995 1902; x_wconf 85' lang='lat' dir='ltr'><strong>rosque</strong></span> <span class='ocrx_word' id='word_1_197' title='bbox 1016 1839 1146 1902; x_wconf 85' lang='lat' dir='ltr'><strong>legationis</strong></span> <span class='ocrx_word' id='word_1_198' title='bbox 1174 1840 1254 1888; x_wconf 90' lang='lat' dir='ltr'><strong>socios</strong></span> <span class='ocrx_word' id='word_1_199' title='bbox 1281 1841 1389 1903; x_wconf 88' lang='lat' dir='ltr'><strong>graviter</strong></span> <span class='ocrx_word' id='word_1_200' title='bbox 1410 1841 1512 1892; x_wconf 89' lang='lat' dir='ltr'><strong>incusat</strong></span> 
     </span>
     <span class='ocr_line' id='line_1_19' title="bbox 261 1915 1511 1984; baseline 0.004 -18"><span class='ocrx_word' id='word_1_201' title='bbox 261 1915 417 1966; x_wconf 89' lang='lat' dir='ltr'><strong>citharoedus</strong></span> <span class='ocrx_word' id='word_1_202' title='bbox 432 1916 525 1979; x_wconf 89' lang='lat' dir='ltr'><strong>quippe</strong></span> <span class='ocrx_word' id='word_1_203' title='bbox 542 1916 584 1979; x_wconf 92' lang='lat' dir='ltr'><strong>qui</strong></span> <span class='ocrx_word' id='word_1_204' title='bbox 601 1923 663 1965; x_wconf 87' lang='lat' dir='ltr'><strong>teste</strong></span> <span class='ocrx_word' id='word_1_205' title='bbox 678 1916 754 1965; x_wconf 89' lang='lat' dir='ltr'><strong>schol.</strong></span> <span class='ocrx_word' id='word_1_206' title='bbox 766 1917 799 1964; x_wconf 93' lang='lat' dir='ltr'><strong>ad</strong></span> <span class='ocrx_word' id='word_1_207' title='bbox 811 1919 860 1966; x_wconf 78' lang='lat' dir='ltr'><strong>Ar.</strong></span> <span class='ocrx_word' id='word_1_208' title='bbox 905 1932 984 1981; x_wconf 90' lang='lat' dir='ltr'><strong>eaque</strong></span> <span class='ocrx_word' id='word_1_209' title='bbox 1006 1920 1061 1981; x_wconf 90' lang='lat' dir='ltr'><strong>ipsa</strong></span> <span class='ocrx_word' id='word_1_210' title='bbox 1083 1918 1186 1966; x_wconf 87' lang='lat' dir='ltr'><strong>cn&#39;inina</strong></span> <span class='ocrx_word' id='word_1_211' title='bbox 1205 1918 1232 1967; x_wconf 91' lang='lat' dir='ltr'><strong>in</strong></span> <span class='ocrx_word' id='word_1_212' title='bbox 1254 1918 1310 1967; x_wconf 90' lang='lat' dir='ltr'><strong>illos</strong></span> <span class='ocrx_word' id='word_1_213' title='bbox 1330 1920 1425 1969; x_wconf 83' lang='lat' dir='ltr'><strong>confert</strong></span> <span class='ocrx_word' id='word_1_214' title='bbox 1444 1937 1511 1984; x_wconf 90' lang='lat' dir='ltr'><strong>quae</strong></span> 
     </span>
     <span class='ocr_line' id='line_1_20' title="bbox 264 1992 1511 2061; baseline 0.003 -18"><span class='ocrx_word' id='word_1_215' title='bbox 264 2010 291 2042; x_wconf 90' lang='grc'><strong>11</strong></span> <span class='ocrx_word' id='word_1_216' title='bbox 304 2010 355 2043; x_wconf 93' lang='lat' dir='ltr'><strong>non</strong></span> <span class='ocrx_word' id='word_1_217' title='bbox 372 1992 453 2042; x_wconf 91' lang='lat' dir='ltr'><strong>solum</strong></span> <span class='ocrx_word' id='word_1_218' title='bbox 467 1993 507 2041; x_wconf 92' lang='lat' dir='ltr'><strong>bis</strong></span> <span class='ocrx_word' id='word_1_219' title='bbox 527 1993 707 2042; x_wconf 85' lang='lat' dir='ltr'><strong>Panathenaeis</strong></span> <span class='ocrx_word' id='word_1_220' title='bbox 724 1995 768 2043; x_wconf 89' lang='lat' dir='ltr'><strong>sed</strong></span> <span class='ocrx_word' id='word_1_221' title='bbox 786 1998 862 2043; x_wconf 89' lang='lat' dir='ltr'><strong>etiarn</strong></span> <span class='ocrx_word' id='word_1_222' title='bbox 905 1995 993 2043; x_wconf 90' lang='lat' dir='ltr'><strong>comici</strong></span> <span class='ocrx_word' id='word_1_223' title='bbox 1004 2003 1094 2059; x_wconf 86' lang='lat' dir='ltr'><strong>poetae</strong></span> <span class='ocrx_word' id='word_1_224' title='bbox 1104 2003 1258 2054; x_wconf 85' lang='lat' dir='ltr'><strong>notaverunt,</strong></span> <span class='ocrx_word' id='word_1_225' title='bbox 1272 1996 1316 2045; x_wconf 86' lang='lat' dir='ltr'><strong>Or.</strong></span> <span class='ocrx_word' id='word_1_226' title='bbox 1331 2008 1361 2058; x_wconf 67' lang='grc' dir='ltr'>α)</span> <span class='ocrx_word' id='word_1_227' title='bbox 1373 2013 1398 2060; x_wconf 90' lang='lat' dir='ltr'><strong>p.</strong></span> <span class='ocrx_word' id='word_1_228' title='bbox 1412 1994 1460 2061; x_wconf 81' lang='lat'><strong>363</strong></span> <span class='ocrx_word' id='word_1_229' title='bbox 1472 2000 1511 2048; x_wconf 85' lang='lat' dir='ltr'><strong>ed.</strong></span> 
     </span>
     <span class='ocr_line' id='line_1_21' title="bbox 261 2071 1511 2137; baseline 0.002 -16"><span class='ocrx_word' id='word_1_230' title='bbox 261 2071 327 2121; x_wconf 89' lang='lat' dir='ltr'><strong>ludis</strong></span> <span class='ocrx_word' id='word_1_231' title='bbox 338 2071 434 2134; x_wconf 86' lang='lat' dir='ltr'><strong>Pythiis</strong></span> <span class='ocrx_word' id='word_1_232' title='bbox 445 2078 470 2120; x_wconf 93' lang='lat' dir='ltr'><strong>et</strong></span> <span class='ocrx_word' id='word_1_233' title='bbox 481 2071 585 2120; x_wconf 90' lang='lat' dir='ltr'><strong>Carneis</strong></span> <span class='ocrx_word' id='word_1_234' title='bbox 596 2072 735 2134; x_wconf 91' lang='lat' dir='ltr'><strong>praemium</strong></span> <span class='ocrx_word' id='word_1_235' title='bbox 752 2080 861 2136; x_wconf 81' lang='lat' dir='ltr'><strong>reporta·</strong></span> <span class='ocrx_word' id='word_1_236' title='bbox 904 2073 1007 2122; x_wconf 81' lang='lat' dir='ltr'><strong>Bekker.</strong></span> <span class='ocrx_word' id='word_1_237' title='bbox 1041 2073 1444 2137; x_wconf 90' lang='lat' dir='ltr'><strong>ldemillicadditEpicratem</strong></span> <span class='ocrx_word' id='word_1_238' title='bbox 1456 2091 1511 2125; x_wconf 93' lang='lat' dir='ltr'><strong>non</strong></span> 
     </span>
     <span class='ocr_line' id='line_1_22' title="bbox 260 2149 1510 2216; baseline 0.003 -18"><span class='ocrx_word' id='word_1_239' title='bbox 260 2150 331 2199; x_wconf 90' lang='lat' dir='ltr'><strong>verit.</strong></span> <span class='ocrx_word' id='word_1_240' title='bbox 367 2150 512 2213; x_wconf 86' lang='lat' dir='ltr'><strong>Perstringit</strong></span> <span class='ocrx_word' id='word_1_241' title='bbox 522 2155 606 2198; x_wconf 87' lang='lat' dir='ltr'><strong>tamen</strong></span> <span class='ocrx_word' id='word_1_242' title='bbox 618 2149 802 2213; x_wconf 83' lang='lat' dir='ltr'><strong>Aristophanes</strong></span> <span class='ocrx_word' id='word_1_243' title='bbox 810 2150 866 2198; x_wconf 81' lang='lat' dir='ltr'><strong>eius</strong></span> <span class='ocrx_word' id='word_1_244' title='bbox 904 2157 964 2199; x_wconf 86' lang='lat' dir='ltr'><strong>tunc</strong></span> <span class='ocrx_word' id='word_1_245' title='bbox 975 2151 1178 2215; x_wconf 89' lang='lat' dir='ltr'><strong>primumarege</strong></span> <span class='ocrx_word' id='word_1_246' title='bbox 1190 2152 1319 2200; x_wconf 88' lang='lat' dir='ltr'><strong>Persarum</strong></span> <span class='ocrx_word' id='word_1_247' title='bbox 1335 2154 1443 2216; x_wconf 90' lang='lat' dir='ltr'><strong>pecunia</strong></span> <span class='ocrx_word' id='word_1_248' title='bbox 1455 2170 1510 2203; x_wconf 91' lang='lat' dir='ltr'><strong>cor·</strong></span> 
     </span>
     <span class='ocr_line' id='line_1_23' title="bbox 243 2222 1510 2295; baseline 0.004 -18"><span class='ocrx_word' id='word_1_249' title='bbox 243 2222 349 2277; x_wconf 68' lang='lat' dir='ltr'><strong>&#39;&#39;modos</strong></span> <span class='ocrx_word' id='word_1_250' title='bbox 368 2234 497 2291; x_wconf 84' lang='lat' dir='ltr'><strong>tamquam</strong></span> <span class='ocrx_word' id='word_1_251' title='bbox 516 2229 627 2289; x_wconf 73' lang='grc' dir='ltr'>ψιθυρούς</span> <span class='ocrx_word' id='word_1_252' title='bbox 644 2235 669 2276; x_wconf 90' lang='lat' dir='ltr'><strong>et</strong></span> <span class='ocrx_word' id='word_1_253' title='bbox 690 2230 779 2287; x_wconf 78' lang='grc' dir='ltr'>ειίηθεΐς</span> <span class='ocrx_word' id='word_1_254' title='bbox 792 2229 859 2278; x_wconf 81' lang='lat' dir='ltr'><strong>infr.</strong></span> <span class='ocrx_word' id='word_1_255' title='bbox 904 2236 1004 2292; x_wconf 86' lang='lat' dir='ltr'><strong>ruptum</strong></span> <span class='ocrx_word' id='word_1_256' title='bbox 1022 2244 1075 2278; x_wconf 90' lang='lat' dir='ltr'><strong>esse</strong></span> <span class='ocrx_word' id='word_1_257' title='bbox 1094 2229 1138 2278; x_wconf 86' lang='lat' dir='ltr'><strong>sed</strong></span> <span class='ocrx_word' id='word_1_258' title='bbox 1153 2231 1203 2278; x_wconf 90' lang='lat' dir='ltr'><strong>iam</strong></span> <span class='ocrx_word' id='word_1_259' title='bbox 1220 2237 1278 2279; x_wconf 90' lang='lat' dir='ltr'><strong>ante</strong></span> <span class='ocrx_word' id='word_1_260' title='bbox 1294 2231 1328 2278; x_wconf 90' lang='lat' dir='ltr'><strong>ob</strong></span> <span class='ocrx_word' id='word_1_261' title='bbox 1344 2230 1408 2279; x_wconf 91' lang='lat' dir='ltr'><strong>illud</strong></span> <span class='ocrx_word' id='word_1_262' title='bbox 1424 2232 1510 2295; x_wconf 88' lang='lat' dir='ltr'><strong>ipsum</strong></span> 
     </span>
     <span class='ocr_line' id='line_1_24' title="bbox 261 2305 1508 2372; baseline 0.002 -16"><span class='ocrx_word' id='word_1_263' title='bbox 261 2305 308 2370; x_wconf 81' lang='lat'><strong>366</strong></span> <span class='ocrx_word' id='word_1_264' title='bbox 329 2308 403 2369; x_wconf 84' lang='lat' dir='ltr'><strong>(le),</strong></span> <span class='ocrx_word' id='word_1_265' title='bbox 422 2307 469 2354; x_wconf 88' lang='lat' dir='ltr'><strong>nisi</strong></span> <span class='ocrx_word' id='word_1_266' title='bbox 488 2322 547 2355; x_wconf 91' lang='lat' dir='ltr'><strong>vero</strong></span> <span class='ocrx_word' id='word_1_267' title='bbox 567 2307 732 2370; x_wconf 78' lang='lat' dir='ltr'><strong>fragmentum</strong></span> <span class='ocrx_word' id='word_1_268' title='bbox 749 2306 812 2356; x_wconf 92' lang='lat' dir='ltr'><strong>illud</strong></span> <span class='ocrx_word' id='word_1_269' title='bbox 829 2308 862 2357; x_wconf 89' lang='lat' dir='ltr'><strong>ad</strong></span> <span class='ocrx_word' id='word_1_270' title='bbox 903 2307 996 2357; x_wconf 86' lang='lat' dir='ltr'><strong>crimen</strong></span> <span class='ocrx_word' id='word_1_271' title='bbox 1007 2308 1034 2356; x_wconf 87' lang='lat' dir='ltr'><strong>in</strong></span> <span class='ocrx_word' id='word_1_272' title='bbox 1045 2308 1082 2356; x_wconf 85' lang='lat' dir='ltr'><strong>ius</strong></span> <span class='ocrx_word' id='word_1_273' title='bbox 1094 2315 1208 2356; x_wconf 89' lang='lat' dir='ltr'><strong>vocatum</strong></span> <span class='ocrx_word' id='word_1_274' title='bbox 1220 2324 1283 2357; x_wconf 88' lang='lat' dir='ltr'><strong>esse:</strong></span> <span class='ocrx_word' id='word_1_275' title='bbox 1299 2311 1340 2357; x_wconf 87' lang='grc' dir='ltr'>καί</span> <span class='ocrx_word' id='word_1_276' title='bbox 1351 2311 1378 2357; x_wconf 78' lang='grc' dir='ltr'><strong>οὐ</strong></span> <span class='ocrx_word' id='word_1_277' title='bbox 1389 2311 1429 2357; x_wconf 82' lang='grc' dir='ltr'><strong>νῦν</strong></span> <span class='ocrx_word' id='word_1_278' title='bbox 1440 2310 1508 2372; x_wconf 67' lang='grc' dir='ltr'>προδ-</span> 
     </span>
     <span class='ocr_line' id='line_1_25' title="bbox 260 2384 1510 2458; baseline 0.001 -23"><span class='ocrx_word' id='word_1_279' title='bbox 260 2385 337 2435; x_wconf 92' lang='lat' dir='ltr'><strong>alium</strong></span> <span class='ocrx_word' id='word_1_280' title='bbox 348 2385 503 2435; x_wconf 79' lang='lat' dir='ltr'><strong>referendum</strong></span> <span class='ocrx_word' id='word_1_281' title='bbox 514 2385 547 2458; x_wconf 66' lang='lat' dir='ltr'><strong>§lt</strong></span> <span class='ocrx_word' id='word_1_282' title='bbox 558 2385 738 2434; x_wconf 84' lang='lat' dir='ltr'><strong>Execestidem.</strong></span> <span class='ocrx_word' id='word_1_283' title='bbox 770 2387 861 2449; x_wconf 84' lang='lat' dir='ltr'><strong>Exagi-</strong></span> <span class='ocrx_word' id='word_1_284' title='bbox 903 2402 945 2434; x_wconf 92' lang='grc' dir='ltr'><strong>τον</strong></span> <span class='ocrx_word' id='word_1_285' title='bbox 963 2384 1080 2448; x_wconf 69' lang='grc' dir='ltr'>ὤφθησαν</span> <span class='ocrx_word' id='word_1_286' title='bbox 1097 2387 1238 2447; x_wconf 79' lang='grc' dir='ltr'>ἀδικοῦντες,</span> <span class='ocrx_word' id='word_1_287' title='bbox 1250 2387 1315 2436; x_wconf 83' lang='grc' dir='ltr'><strong>ἀλλά</strong></span> <span class='ocrx_word' id='word_1_288' title='bbox 1335 2389 1374 2436; x_wconf 90' lang='grc' dir='ltr'>καί</span> <span class='ocrx_word' id='word_1_289' title='bbox 1391 2390 1510 2451; x_wconf 75' lang='grc' dir='ltr'>πρότερον</span> 
     </span>
     <span class='ocr_line' id='line_1_26' title="bbox 259 2463 1508 2532; baseline 0.004 -19"><span class='ocrx_word' id='word_1_290' title='bbox 259 2470 326 2513; x_wconf 91' lang='lat' dir='ltr'><strong>tatur</strong></span> <span class='ocrx_word' id='word_1_291' title='bbox 347 2471 430 2512; x_wconf 90' lang='lat' dir='ltr'><strong>autern</strong></span> <span class='ocrx_word' id='word_1_292' title='bbox 452 2463 485 2511; x_wconf 93' lang='lat' dir='ltr'><strong>ab</strong></span> <span class='ocrx_word' id='word_1_293' title='bbox 508 2463 677 2527; x_wconf 83' lang='lat' dir='ltr'><strong>Aristophane</strong></span> <span class='ocrx_word' id='word_1_294' title='bbox 694 2464 768 2529; x_wconf 86' lang='lat' dir='ltr'><strong>quod,</strong></span> <span class='ocrx_word' id='word_1_295' title='bbox 790 2480 860 2528; x_wconf 50' lang='lat' dir='ltr'><strong>perea</strong></span> <span class='ocrx_word' id='word_1_296' title='bbox 902 2466 949 2524; x_wconf 74' lang='grc' dir='ltr'><strong>ἤδη</strong></span> <span class='ocrx_word' id='word_1_297' title='bbox 970 2466 1050 2526; x_wconf 84' lang='grc' dir='ltr'>δώρων</span> <span class='ocrx_word' id='word_1_298' title='bbox 1072 2467 1206 2527; x_wconf 75' lang='grc' dir='ltr'>ἐκρίθησαν,</span> <span class='ocrx_word' id='word_1_299' title='bbox 1226 2469 1240 2526; x_wconf 63' lang='lat' dir='ltr'>g</span> <span class='ocrx_word' id='word_1_300' title='bbox 1259 2482 1287 2528; x_wconf 84' lang='lat'><strong>4:</strong></span> <span class='ocrx_word' id='word_1_301' title='bbox 1311 2467 1380 2531; x_wconf 89' lang='lat' dir='ltr'><strong>quod</strong></span> <span class='ocrx_word' id='word_1_302' title='bbox 1402 2468 1508 2532; x_wconf 87' lang='lat' dir='ltr'><strong>quidem</strong></span> 
     </span>
     <span class='ocr_line' id='line_1_27' title="bbox 257 2540 1508 2608; baseline 0.005 -17"><span class='ocrx_word' id='word_1_303' title='bbox 257 2541 860 2607; x_wconf 85' lang='lat' dir='ltr'><strong>grinacumessetorigine‚incivitatemAtticam</strong></span> <span class='ocrx_word' id='word_1_304' title='bbox 902 2549 960 2592; x_wconf 93' lang='lat' dir='ltr'><strong>tunc</strong></span> <span class='ocrx_word' id='word_1_305' title='bbox 982 2540 1078 2592; x_wconf 71' lang='lat' dir='ltr'><strong>sadtum</strong></span> <span class='ocrx_word' id='word_1_306' title='bbox 1105 2560 1159 2594; x_wconf 90' lang='lat' dir='ltr'><strong>esse</strong></span> <span class='ocrx_word' id='word_1_307' title='bbox 1186 2551 1258 2608; x_wconf 89' lang='lat' dir='ltr'><strong>putat</strong></span> <span class='ocrx_word' id='word_1_308' title='bbox 1286 2545 1415 2608; x_wconf 85' lang='lat' dir='ltr'><strong>Bergkius‚</strong></span> <span class='ocrx_word' id='word_1_309' title='bbox 1447 2563 1508 2597; x_wconf 85' lang='lat' dir='ltr'><strong>cum</strong></span> 
     </span>
     <span class='ocr_line' id='line_1_28' title="bbox 258 2618 1508 2687; baseline 0.005 -18"><span class='ocrx_word' id='word_1_310' title='bbox 258 2621 410 2685; x_wconf 87' lang='lat' dir='ltr'><strong>irrepsisset;</strong></span> <span class='ocrx_word' id='word_1_311' title='bbox 428 2618 474 2668; x_wconf 81' lang='grc' dir='ltr'>οὐδ’</span> <span class='ocrx_word' id='word_1_312' title='bbox 488 2621 517 2668; x_wconf 81' lang='grc' dir='ltr'>ἀν</span> <span class='ocrx_word' id='word_1_313' title='bbox 532 2622 567 2679; x_wconf 83' lang='grc' dir='ltr'><strong>μὰ</strong></span> <span class='ocrx_word' id='word_1_314' title='bbox 578 2619 616 2667; x_wconf 89' lang='grc' dir='ltr'><strong>Δί’</strong></span> <span class='ocrx_word' id='word_1_315' title='bbox 631 2622 769 2682; x_wconf 78' lang='grc' dir='ltr'>ἐνγεπεΰθεν</span> <span class='ocrx_word' id='word_1_316' title='bbox 780 2620 858 2681; x_wconf 79' lang='grc' dir='ltr'>Ἐξη-</span> <span class='ocrx_word' id='word_1_317' title='bbox 901 2619 924 2666; x_wconf 91' lang='grc' dir='ltr'><strong>Τ</strong></span> <span class='ocrx_word' id='word_1_318' title='bbox 925 2620 1056 2687; x_wconf 83' lang='lat' dir='ltr'><strong>ithraustes</strong></span> <span class='ocrx_word' id='word_1_319' title='bbox 1073 2628 1173 2686; x_wconf 83' lang='lat' dir='ltr'><strong>satrapa</strong></span> <span class='ocrx_word' id='word_1_320' title='bbox 1189 2623 1357 2673; x_wconf 88' lang='lat' dir='ltr'><strong>Timocratem</strong></span> <span class='ocrx_word' id='word_1_321' title='bbox 1375 2624 1508 2675; x_wconf 88' lang='lat' dir='ltr'><strong>Rhodium</strong></span> 
     </span>
     <span class='ocr_line' id='line_1_29' title="bbox 259 2697 1507 2764; baseline 0.005 -17"><span class='ocrx_word' id='word_1_322' title='bbox 259 2700 394 2758; x_wconf 86' lang='grc' dir='ltr'>κεστίδης</span> <span class='ocrx_word' id='word_1_323' title='bbox 416 2697 516 2760; x_wconf 78' lang='grc' dir='ltr'>(ἐξεύροι</span> <span class='ocrx_word' id='word_1_324' title='bbox 537 2698 583 2757; x_wconf 79' lang='grc' dir='ltr'><strong>την</strong></span> <span class='ocrx_word' id='word_1_325' title='bbox 605 2699 718 2761; x_wconf 88' lang='grc' dir='ltr'>πατρίδα)</span> <span class='ocrx_word' id='word_1_326' title='bbox 741 2700 791 2748; x_wconf 81' lang='lat' dir='ltr'><strong>Au.</strong></span> <span class='ocrx_word' id='word_1_327' title='bbox 815 2714 859 2759; x_wconf 75' lang='lat'><strong>113</strong></span> <span class='ocrx_word' id='word_1_328' title='bbox 901 2714 958 2746; x_wconf 91' lang='lat' dir='ltr'><strong>cum</strong></span> <span class='ocrx_word' id='word_1_329' title='bbox 985 2701 1165 2764; x_wconf 82' lang='lat' dir='ltr'><strong>quinquaginta</strong></span> <span class='ocrx_word' id='word_1_330' title='bbox 1192 2701 1292 2750; x_wconf 89' lang='lat' dir='ltr'><strong>talentis</strong></span> <span class='ocrx_word' id='word_1_331' title='bbox 1319 2704 1354 2753; x_wconf 25' lang='lat' dir='ltr'><strong>inl</strong></span> <span class='ocrx_word' id='word_1_332' title='bbox 1370 2703 1507 2753; x_wconf 86' lang='lat' dir='ltr'><strong>Graeciam</strong></span> 
     </span>
     <span class='ocr_line' id='line_1_30' title="bbox 258 2776 1507 2845; baseline 0.004 -19"><span class='ocrx_word' id='word_1_333' title='bbox 258 2777 280 2826; x_wconf 88' lang='grc' dir='ltr'><strong>εί</strong></span> <span class='ocrx_word' id='word_1_334' title='bbox 291 2778 318 2826; x_wconf 84' lang='grc' dir='ltr'>δέ</span> <span class='ocrx_word' id='word_1_335' title='bbox 328 2777 471 2826; x_wconf 82' lang='grc' dir='ltr'>δοῦλάςέστι</span> <span class='ocrx_word' id='word_1_336' title='bbox 483 2777 523 2825; x_wconf 82' lang='grc' dir='ltr'>καί</span> <span class='ocrx_word' id='word_1_337' title='bbox 534 2778 590 2839; x_wconf 86' lang='grc' dir='ltr'><strong>Κάρ</strong></span> <span class='ocrx_word' id='word_1_338' title='bbox 602 2776 685 2839; x_wconf 87' lang='grc' dir='ltr'>ιίστερ</span> <span class='ocrx_word' id='word_1_339' title='bbox 693 2776 858 2837; x_wconf 73' lang='grc' dir='ltr'>Ἐξηκεσπί</span> <span class='ocrx_word' id='word_1_340' title='bbox 900 2777 975 2837; x_wconf 85' lang='lat' dir='ltr'><strong>misit,</strong></span> <span class='ocrx_word' id='word_1_341' title='bbox 999 2778 1042 2841; x_wconf 89' lang='lat' dir='ltr'><strong>qui</strong></span> <span class='ocrx_word' id='word_1_342' title='bbox 1064 2779 1130 2827; x_wconf 90' lang='lat' dir='ltr'><strong>viros</strong></span> <span class='ocrx_word' id='word_1_343' title='bbox 1158 2779 1342 2842; x_wconf 85' lang='lat' dir='ltr'><strong>potentissimos</strong></span> <span class='ocrx_word' id='word_1_344' title='bbox 1370 2787 1507 2845; x_wconf 89' lang='lat' dir='ltr'><strong>temptaret</strong></span> 
     </span>
     <span class='ocr_line' id='line_1_31' title="bbox 259 2853 1525 2918; baseline 0.005 -15"><span class='ocrx_word' id='word_1_345' title='bbox 259 2856 307 2915; x_wconf 86' lang='grc' dir='ltr'><strong>ἀης</strong></span> <span class='ocrx_word' id='word_1_346' title='bbox 323 2856 372 2905; x_wconf 88' lang='grc' dir='ltr'><strong>Αν.</strong></span> <span class='ocrx_word' id='word_1_347' title='bbox 387 2853 447 2917; x_wconf 81' lang='lat'><strong>765;</strong></span> <span class='ocrx_word' id='word_1_348' title='bbox 465 2856 493 2903; x_wconf 78' lang='lat' dir='ltr'><strong>orl</strong></span> <span class='ocrx_word' id='word_1_349' title='bbox 506 2853 556 2917; x_wconf 80' lang='grc' dir='ltr'>γοίρ</span> <span class='ocrx_word' id='word_1_350' title='bbox 573 2857 618 2903; x_wconf 91' lang='grc' dir='ltr'>είσι</span> <span class='ocrx_word' id='word_1_351' title='bbox 633 2853 761 2918; x_wconf 80' lang='grc' dir='ltr'>βάρβαροι,</span> <span class='ocrx_word' id='word_1_352' title='bbox 781 2855 862 2904; x_wconf 83' lang='grc' dir='ltr'>δθενά</span> <span class='ocrx_word' id='word_1_353' title='bbox 900 2854 1036 2918; x_wconf 84' lang='lat' dir='ltr'><strong>populique</strong></span> <span class='ocrx_word' id='word_1_354' title='bbox 1045 2857 1141 2905; x_wconf 88' lang='lat' dir='ltr'><strong>animos</strong></span> <span class='ocrx_word' id='word_1_355' title='bbox 1153 2864 1239 2906; x_wconf 89' lang='lat' dir='ltr'><strong>contra</strong></span> <span class='ocrx_word' id='word_1_356' title='bbox 1246 2858 1505 2910; x_wconf 84' lang='lat' dir='ltr'><strong>Lacedaemoniorum</strong></span> <span class='ocrx_word' id='word_1_357' title='bbox 1521 2880 1525 2889; x_wconf 76' lang='lat'>¹</span> 
     </span>
     <span class='ocr_line' id='line_1_32' title="bbox 258 2931 1501 2999; baseline 0.007 -19"><span class='ocrx_word' id='word_1_358' title='bbox 258 2934 369 2995; x_wconf 73' lang='grc' dir='ltr'>πατρῷός</span> <span class='ocrx_word' id='word_1_359' title='bbox 391 2936 457 2982; x_wconf 86' lang='grc' dir='ltr'>ἐστιν</span> <span class='ocrx_word' id='word_1_360' title='bbox 477 2931 684 2994; x_wconf 57' lang='grc' dir='ltr'>Ἐξηκεστίδῃ</span> <span class='ocrx_word' id='word_1_361' title='bbox 710 2934 761 2982; x_wconf 79' lang='grc' dir='ltr'><strong>Αυ;</strong></span> <span class='ocrx_word' id='word_1_362' title='bbox 787 2946 856 2996; x_wconf 81' lang='lat'><strong>1527.</strong></span> <span class='ocrx_word' id='word_1_363' title='bbox 900 2935 1039 2994; x_wconf 89' lang='lat' dir='ltr'><strong>potentiam</strong></span> <span class='ocrx_word' id='word_1_364' title='bbox 1061 2935 1226 2991; x_wconf 75' lang='lat' dir='ltr'><strong>exacerbaret,</strong></span> <span class='ocrx_word' id='word_1_365' title='bbox 1250 2935 1317 2999; x_wconf 90' lang='lat' dir='ltr'><strong>quod</strong></span> <span class='ocrx_word' id='word_1_366' title='bbox 1340 2935 1434 2986; x_wconf 68' lang='lat' dir='ltr'><strong>lactum</strong></span> <span class='ocrx_word' id='word_1_367' title='bbox 1458 2939 1501 2990; x_wconf 91' lang='lat' dir='ltr'><strong>Ol.</strong></span> 
     </span>
     <span class='ocr_line' id='line_1_33' title="bbox 258 3011 1504 3075; baseline 0.007 -18"><span class='ocrx_word' id='word_1_368' title='bbox 258 3011 324 3060; x_wconf 91' lang='lat' dir='ltr'><strong>Vide</strong></span> <span class='ocrx_word' id='word_1_369' title='bbox 336 3011 472 3075; x_wconf 87' lang='lat' dir='ltr'><strong>Bergkium</strong></span> <span class='ocrx_word' id='word_1_370' title='bbox 486 3012 578 3060; x_wconf 84' lang='lat' dir='ltr'><strong>Comm.</strong></span> <span class='ocrx_word' id='word_1_371' title='bbox 588 3012 760 3060; x_wconf 59' lang='lat' dir='ltr'><strong>demean.</strong></span> <span class='ocrx_word' id='word_1_372' title='bbox 769 3027 794 3075; x_wconf 92' lang='lat' dir='ltr'><strong>p.</strong></span> <span class='ocrx_word' id='word_1_373' title='bbox 801 3025 853 3074; x_wconf 59' lang='lat'><strong>37²</strong></span> <span class='ocrx_word' id='word_1_374' title='bbox 900 3011 957 3058; x_wconf 84' lang='lat' dir='ltr'><strong>xcvi</strong></span> <span class='ocrx_word' id='word_1_375' title='bbox 978 3026 999 3060; x_wconf 84' lang='lat'><strong>1.</strong></span> <span class='ocrx_word' id='word_1_376' title='bbox 1033 3012 1106 3061; x_wconf 87' lang='lat' dir='ltr'><strong>Tunc</strong></span> <span class='ocrx_word' id='word_1_377' title='bbox 1123 3012 1197 3075; x_wconf 87' lang='lat' dir='ltr'><strong>igitur</strong></span> <span class='ocrx_word' id='word_1_378' title='bbox 1216 3012 1242 3060; x_wconf 93' lang='lat' dir='ltr'><strong>in</strong></span> <span class='ocrx_word' id='word_1_379' title='bbox 1261 3013 1380 3062; x_wconf 90' lang='lat' dir='ltr'><strong>iudicium</strong></span> <span class='ocrx_word' id='word_1_380' title='bbox 1398 3024 1504 3067; x_wconf 87' lang='lat' dir='ltr'><strong>vocatus</strong></span> 
     </span>
     <span class='ocr_line' id='line_1_34' title="bbox 303 3085 1504 3152; baseline 0.007 -17"><span class='ocrx_word' id='word_1_381' title='bbox 303 3085 460 3151; x_wconf 74' lang='grc' dir='ltr'>Ἐπίγονοςε</span> <span class='ocrx_word' id='word_1_382' title='bbox 487 3086 527 3136; x_wconf 91' lang='lat' dir='ltr'><strong>vel</strong></span> <span class='ocrx_word' id='word_1_383' title='bbox 551 3088 616 3136; x_wconf 90' lang='lat' dir='ltr'><strong>inter</strong></span> <span class='ocrx_word' id='word_1_384' title='bbox 643 3087 758 3136; x_wconf 89' lang='lat' dir='ltr'><strong>mulieres</strong></span> <span class='ocrx_word' id='word_1_385' title='bbox 780 3089 860 3152; x_wconf 86' lang='lat' dir='ltr'><strong>magis</strong></span> <span class='ocrx_word' id='word_1_386' title='bbox 901 3087 1010 3136; x_wconf 74' lang='lat' dir='ltr'><strong>iudicum</strong></span> <span class='ocrx_word' id='word_1_387' title='bbox 1021 3096 1105 3138; x_wconf 89' lang='lat' dir='ltr'><strong>tamen</strong></span> <span class='ocrx_word' id='word_1_388' title='bbox 1116 3090 1239 3138; x_wconf 88' lang='lat' dir='ltr'><strong>sententia</strong></span> <span class='ocrx_word' id='word_1_389' title='bbox 1250 3090 1378 3140; x_wconf 90' lang='lat' dir='ltr'><strong>absolutus</strong></span> <span class='ocrx_word' id='word_1_390' title='bbox 1388 3100 1433 3152; x_wconf 83' lang='lat' dir='ltr'><strong>est,</strong></span> <span class='ocrx_word' id='word_1_391' title='bbox 1444 3094 1504 3144; x_wconf 88' lang='lat' dir='ltr'><strong>vide</strong></span> 
     </span>
     <span class='ocr_line' id='line_1_35' title="bbox 257 3164 1505 3229; baseline 0.006 -17"><span class='ocrx_word' id='word_1_392' title='bbox 257 3164 346 3213; x_wconf 90' lang='lat' dir='ltr'><strong>mulier</strong></span> <span class='ocrx_word' id='word_1_393' title='bbox 357 3181 410 3214; x_wconf 88' lang='lat' dir='ltr'><strong>esse</strong></span> <span class='ocrx_word' id='word_1_394' title='bbox 419 3165 524 3223; x_wconf 88' lang='lat' dir='ltr'><strong>videtur,</strong></span> <span class='ocrx_word' id='word_1_395' title='bbox 531 3164 608 3213; x_wconf 92' lang='lat' dir='ltr'><strong>homo</strong></span> <span class='ocrx_word' id='word_1_396' title='bbox 620 3165 779 3215; x_wconf 88' lang='lat' dir='ltr'><strong>mollissimus</strong></span> <span class='ocrx_word' id='word_1_397' title='bbox 787 3167 856 3216; x_wconf 92' lang='lat' dir='ltr'><strong>Eccl.</strong></span> <span class='ocrx_word' id='word_1_398' title='bbox 902 3165 1017 3228; x_wconf 62' lang='lat' dir='ltr'><strong>Lysiam.</strong></span> <span class='ocrx_word' id='word_1_399' title='bbox 1030 3169 1061 3216; x_wconf 89' lang='lat' dir='ltr'><strong>l.:</strong></span> <span class='ocrx_word' id='word_1_400' title='bbox 1076 3169 1115 3216; x_wconf 85' lang='grc' dir='ltr'>καί</span> <span class='ocrx_word' id='word_1_401' title='bbox 1128 3168 1182 3225; x_wconf 80' lang='grc' dir='ltr'>ὑμῖν</span> <span class='ocrx_word' id='word_1_402' title='bbox 1192 3170 1242 3229; x_wconf 83' lang='grc' dir='ltr'><strong>ἔχω</strong></span> <span class='ocrx_word' id='word_1_403' title='bbox 1254 3170 1398 3218; x_wconf 80' lang='grc' dir='ltr'>ἐπικαλέσαι</span> <span class='ocrx_word' id='word_1_404' title='bbox 1408 3172 1447 3219; x_wconf 82' lang='grc' dir='ltr'>δτι</span> <span class='ocrx_word' id='word_1_405' title='bbox 1459 3174 1505 3220; x_wconf 78' lang='grc' dir='ltr'>τοῦ</span> 
     </span>
    </p>
   </div>
   <div class='ocr_carea' id='block_1_5' title="bbox 255 3240 1601 3469">
    <p class='ocr_par' dir='ltr' id='par_1_5' title="bbox 255 3240 1601 3469">
     <span class='ocr_line' id='line_1_36' title="bbox 261 3240 1601 3312; baseline 0.006 -22"><span class='ocrx_word' id='word_1_406' title='bbox 261 3241 305 3302; x_wconf 84' lang='grc'>167</span> <span class='ocrx_word' id='word_1_407' title='bbox 329 3240 359 3290; x_wconf 89' lang='grc' dir='ltr'><strong>δι’</strong></span> <span class='ocrx_word' id='word_1_408' title='bbox 380 3241 540 3302; x_wconf 80' lang='grc' dir='ltr'>Ἐπίγονον</span> <span class='ocrx_word' id='word_1_409' title='bbox 559 3243 658 3291; x_wconf 70' lang='grc' dir='ltr'>ἐκεινονὶ</span> <span class='ocrx_word' id='word_1_410' title='bbox 683 3242 749 3307; x_wconf 76' lang='grc' dir='ltr'>(τοὺς</span> <span class='ocrx_word' id='word_1_411' title='bbox 775 3246 860 3306; x_wconf 77' lang='grc' dir='ltr'>ἀνδρας</span> <span class='ocrx_word' id='word_1_412' title='bbox 901 3247 975 3292; x_wconf 79' lang='grc' dir='ltr'>αὐτοῦ</span> <span class='ocrx_word' id='word_1_413' title='bbox 986 3244 1131 3306; x_wconf 78' lang='grc' dir='ltr'>ἀδικήματος</span> <span class='ocrx_word' id='word_1_414' title='bbox 1146 3246 1319 3306; x_wconf 78' lang='grc' dir='ltr'>Λεωδάμαντος</span> <span class='ocrx_word' id='word_1_415' title='bbox 1334 3250 1378 3307; x_wconf 78' lang='grc' dir='ltr'>μὲν</span> <span class='ocrx_word' id='word_1_416' title='bbox 1395 3252 1504 3312; x_wconf 73' lang='grc' dir='ltr'>κατεψη-</span> <span class='ocrx_word' id='word_1_417' title='bbox 1600 3244 1601 3291; x_wconf 68' lang='lat' dir='ltr'><strong>l</strong></span> 
     </span>
     <span class='ocr_line' id='line_1_37' title="bbox 255 3318 1601 3389; baseline 0.008 -22"><span class='ocrx_word' id='word_1_418' title='bbox 255 3320 370 3380; x_wconf 74' lang='grc' dir='ltr'>’γυναῖκας</span> <span class='ocrx_word' id='word_1_419' title='bbox 387 3318 474 3382; x_wconf 76' lang='grc' dir='ltr'>λέγω)</span> <span class='ocrx_word' id='word_1_420' title='bbox 493 3320 611 3383; x_wconf 68' lang='grc' dir='ltr'>βλέψασα</span> <span class='ocrx_word' id='word_1_421' title='bbox 632 3321 683 3383; x_wconf 76' lang='grc' dir='ltr'><strong>’γὰρ</strong></span> <span class='ocrx_word' id='word_1_422' title='bbox 701 3323 779 3370; x_wconf 85' lang='grc' dir='ltr'>ἐκεῖσε</span> <span class='ocrx_word' id='word_1_423' title='bbox 801 3324 859 3386; x_wconf 81' lang='grc' dir='ltr'>πρὸς</span> <span class='ocrx_word' id='word_1_424' title='bbox 901 3323 1011 3381; x_wconf 79' lang='grc' dir='ltr'>φίσασθε</span> <span class='ocrx_word' id='word_1_425' title='bbox 1022 3326 1108 3373; x_wconf 79' lang='grc' dir='ltr'>τούτου</span> <span class='ocrx_word' id='word_1_426' title='bbox 1119 3327 1140 3373; x_wconf 88' lang='grc' dir='ltr'><strong>δ’</strong></span> <span class='ocrx_word' id='word_1_427' title='bbox 1153 3327 1351 3389; x_wconf 68' lang='grc' dir='ltr'>ἀπεψηφίσασθε,</span> <span class='ocrx_word' id='word_1_428' title='bbox 1367 3329 1410 3375; x_wconf 80' lang='grc' dir='ltr'>τοῦ</span> <span class='ocrx_word' id='word_1_429' title='bbox 1427 3330 1504 3377; x_wconf 80' lang='grc' dir='ltr'>αὐτοῦ</span> <span class='ocrx_word' id='word_1_430' title='bbox 1600 3372 1601 3389; x_wconf 43' lang='lat'><em>2</em></span> 
     </span>
     <span class='ocr_line' id='line_1_38' title="bbox 256 3394 1601 3469; baseline 0.01 -26"><span class='ocrx_word' id='word_1_431' title='bbox 256 3397 371 3458; x_wconf 69' lang='grc' dir='ltr'>γυναῖκας</span> <span class='ocrx_word' id='word_1_432' title='bbox 383 3394 462 3456; x_wconf 74' lang='grc' dir='ltr'>ὠόμην</span> <span class='ocrx_word' id='word_1_433' title='bbox 473 3398 566 3458; x_wconf 62' lang='grc' dir='ltr'>λέγειν’</span> <span class='ocrx_word' id='word_1_434' title='bbox 900 3401 981 3469; x_wconf 80' lang='grc' dir='ltr'>ἀνδρὸς</span> <span class='ocrx_word' id='word_1_435' title='bbox 993 3401 1106 3451; x_wconf 81' lang='grc' dir='ltr'>ἁπάντων</span> <span class='ocrx_word' id='word_1_436' title='bbox 1115 3406 1303 3465; x_wconf 76' lang='grc' dir='ltr'>κατηγοροῦντος</span> <span class='ocrx_word' id='word_1_437' title='bbox 1314 3407 1353 3454; x_wconf 89' lang='grc' dir='ltr'>καί</span> <span class='ocrx_word' id='word_1_438' title='bbox 1365 3408 1414 3454; x_wconf 83' lang='grc' dir='ltr'><strong>τῶν</strong></span> <span class='ocrx_word' id='word_1_439' title='bbox 1423 3410 1504 3456; x_wconf 80' lang='grc' dir='ltr'>αι’ττῶν</span> <span class='ocrx_word' id='word_1_440' title='bbox 1600 3412 1601 3421; x_wconf 74' lang='grc'>’</span> 
     </span>
    </p>
   </div>
   <div class='ocr_carea' id='block_1_6' title="bbox 253 3471 1502 4563">
    <p class='ocr_par' dir='ltr' id='par_1_6' title="bbox 253 3471 1502 3861">
     <span class='ocr_line' id='line_1_39' title="bbox 301 3471 1502 3546; baseline 0.012 -24"><span class='ocrx_word' id='word_1_441' title='bbox 301 3471 476 3539; x_wconf 52' lang='grc' dir='ltr'>Ἐπίδαυρον</span> <span class='ocrx_word' id='word_1_442' title='bbox 497 3475 624 3538; x_wconf 89' lang='lat' dir='ltr'><strong>Argolidis</strong></span> <span class='ocrx_word' id='word_1_443' title='bbox 639 3492 653 3526; x_wconf 94' lang='lat' dir='ltr'><strong>e</strong></span> <span class='ocrx_word' id='word_1_444' title='bbox 670 3476 770 3540; x_wconf 85' lang='lat' dir='ltr'><strong>regione</strong></span> <span class='ocrx_word' id='word_1_445' title='bbox 781 3480 857 3543; x_wconf 85' lang='lat' dir='ltr'><strong>Aegi·</strong></span> <span class='ocrx_word' id='word_1_446' title='bbox 899 3483 1148 3542; x_wconf 77' lang='grc' dir='ltr'>καταμαρτυρούντων.</span> <span class='ocrx_word' id='word_1_447' title='bbox 1176 3483 1334 3546; x_wconf 89' lang='lat' dir='ltr'><strong>Epicrates</strong></span> <span class='ocrx_word' id='word_1_448' title='bbox 1346 3492 1430 3533; x_wconf 90' lang='lat' dir='ltr'><strong>autem</strong></span> <span class='ocrx_word' id='word_1_449' title='bbox 1441 3493 1502 3536; x_wconf 88' lang='lat' dir='ltr'><strong>tunc</strong></span> 
     </span>
     <span class='ocr_line' id='line_1_40' title="bbox 256 3553 1502 3625; baseline 0.011 -24"><span class='ocrx_word' id='word_1_450' title='bbox 256 3567 317 3601; x_wconf 90' lang='lat' dir='ltr'><strong>nae:</strong></span> <span class='ocrx_word' id='word_1_451' title='bbox 346 3553 479 3612; x_wconf 84' lang='grc' dir='ltr'>ἀσκώματα</span> <span class='ocrx_word' id='word_1_452' title='bbox 501 3556 542 3602; x_wconf 85' lang='grc' dir='ltr'>καί</span> <span class='ocrx_word' id='word_1_453' title='bbox 563 3555 617 3602; x_wconf 86' lang='grc' dir='ltr'>λίνα</span> <span class='ocrx_word' id='word_1_454' title='bbox 644 3557 682 3603; x_wconf 87' lang='grc' dir='ltr'>καί</span> <span class='ocrx_word' id='word_1_455' title='bbox 705 3557 795 3604; x_wconf 87' lang='grc' dir='ltr'>πίτταν</span> <span class='ocrx_word' id='word_1_456' title='bbox 821 3559 858 3621; x_wconf 79' lang='grc' dir='ltr'><strong>(ἐξ</strong></span> <span class='ocrx_word' id='word_1_457' title='bbox 898 3557 1008 3620; x_wconf 85' lang='lat' dir='ltr'><strong>periculo</strong></span> <span class='ocrx_word' id='word_1_458' title='bbox 1024 3559 1142 3609; x_wconf 87' lang='lat' dir='ltr'><strong>liberatus</strong></span> <span class='ocrx_word' id='word_1_459' title='bbox 1158 3561 1243 3624; x_wconf 91' lang='lat' dir='ltr'><strong>paullo</strong></span> <span class='ocrx_word' id='word_1_460' title='bbox 1260 3564 1394 3625; x_wconf 90' lang='lat' dir='ltr'><strong>postcirca</strong></span> <span class='ocrx_word' id='word_1_461' title='bbox 1405 3564 1502 3615; x_wconf 87' lang='lat' dir='ltr'><strong>bellum</strong></span> 
     </span>
     <span class='ocr_line' id='line_1_41' title="bbox 256 3630 1502 3696; baseline 0.01 -17"><span class='ocrx_word' id='word_1_462' title='bbox 256 3630 363 3694; x_wconf 80' lang='grc' dir='ltr'>Αἰγίνης)</span> <span class='ocrx_word' id='word_1_463' title='bbox 384 3633 525 3689; x_wconf 75' lang='grc' dir='ltr'>διαπέμπων</span> <span class='ocrx_word' id='word_1_464' title='bbox 545 3634 576 3682; x_wconf 83' lang='grc' dir='ltr'><strong>είς</strong></span> <span class='ocrx_word' id='word_1_465' title='bbox 593 3631 768 3696; x_wconf 87' lang='grc' dir='ltr'>Ἐπίδαυρον</span> <span class='ocrx_word' id='word_1_466' title='bbox 790 3638 854 3687; x_wconf 90' lang='lat' dir='ltr'><strong>Ran.</strong></span> <span class='ocrx_word' id='word_1_467' title='bbox 898 3635 1056 3685; x_wconf 90' lang='lat' dir='ltr'><strong>Corinthium</strong></span> <span class='ocrx_word' id='word_1_468' title='bbox 1075 3637 1172 3687; x_wconf 90' lang='lat' dir='ltr'><strong>videtur</strong></span> <span class='ocrx_word' id='word_1_469' title='bbox 1189 3639 1221 3687; x_wconf 90' lang='lat' dir='ltr'><strong>ab</strong></span> <span class='ocrx_word' id='word_1_470' title='bbox 1238 3639 1433 3690; x_wconf 89' lang='lat' dir='ltr'><strong>Atheniensibus</strong></span> <span class='ocrx_word' id='word_1_471' title='bbox 1450 3659 1502 3692; x_wconf 90' lang='lat' dir='ltr'><strong>una</strong></span> 
     </span>
     <span class='ocr_line' id='line_1_42' title="bbox 256 3709 1501 3784; baseline 0.009 -25"><span class='ocrx_word' id='word_1_472' title='bbox 256 3709 318 3776; x_wconf 80' lang='lat'>3⁶3²</span> <span class='ocrx_word' id='word_1_473' title='bbox 336 3712 465 3776; x_wconf 90' lang='lat' dir='ltr'><strong>Epidaurii</strong></span> <span class='ocrx_word' id='word_1_474' title='bbox 484 3720 569 3762; x_wconf 90' lang='lat' dir='ltr'><strong>autem</strong></span> <span class='ocrx_word' id='word_1_475' title='bbox 586 3714 700 3777; x_wconf 89' lang='lat' dir='ltr'><strong>Argolici</strong></span> <span class='ocrx_word' id='word_1_476' title='bbox 722 3723 776 3764; x_wconf 90' lang='lat' dir='ltr'><strong>tum</strong></span> <span class='ocrx_word' id='word_1_477' title='bbox 795 3717 856 3767; x_wconf 90' lang='lat' dir='ltr'><strong>socii</strong></span> <span class='ocrx_word' id='word_1_478' title='bbox 897 3730 953 3762; x_wconf 90' lang='lat' dir='ltr'><strong>cum</strong></span> <span class='ocrx_word' id='word_1_479' title='bbox 967 3713 1105 3765; x_wconf 89' lang='lat' dir='ltr'><strong>Phormisio</strong></span> <span class='ocrx_word' id='word_1_480' title='bbox 1120 3716 1175 3765; x_wconf 89' lang='lat' dir='ltr'><strong>aliis</strong></span> <span class='ocrx_word' id='word_1_481' title='bbox 1191 3717 1225 3766; x_wconf 90' lang='lat' dir='ltr'><strong>ad</strong></span> <span class='ocrx_word' id='word_1_482' title='bbox 1236 3718 1398 3768; x_wconf 74' lang='lat' dir='ltr'><strong>Artaxentem</strong></span> <span class='ocrx_word' id='word_1_483' title='bbox 1416 3736 1501 3784; x_wconf 85' lang='lat' dir='ltr'><strong>regem</strong></span> 
     </span>
     <span class='ocr_line' id='line_1_43' title="bbox 253 3791 1500 3861; baseline 0.005 -21"><span class='ocrx_word' id='word_1_484' title='bbox 253 3798 324 3840; x_wconf 86' lang='lat' dir='ltr'><strong>erant</strong></span> <span class='ocrx_word' id='word_1_485' title='bbox 337 3791 591 3841; x_wconf 89' lang='lat' dir='ltr'><strong>Lacedaemoniorum</strong></span> <span class='ocrx_word' id='word_1_486' title='bbox 603 3793 682 3843; x_wconf 72' lang='lat' dir='ltr'><strong>Thur„</strong></span> <span class='ocrx_word' id='word_1_487' title='bbox 697 3806 727 3842; x_wconf 82' lang='lat' dir='ltr'><strong>vl</strong></span> <span class='ocrx_word' id='word_1_488' title='bbox 739 3792 770 3856; x_wconf 89' lang='lat'><strong>67</strong></span> <span class='ocrx_word' id='word_1_489' title='bbox 898 3792 1028 3842; x_wconf 87' lang='lat' dir='ltr'><strong>Persamm</strong></span> <span class='ocrx_word' id='word_1_490' title='bbox 1046 3794 1135 3843; x_wconf 90' lang='lat' dir='ltr'><strong>missus</strong></span> <span class='ocrx_word' id='word_1_491' title='bbox 1150 3810 1211 3852; x_wconf 84' lang='lat' dir='ltr'><strong>esse,</strong></span> <span class='ocrx_word' id='word_1_492' title='bbox 1227 3811 1243 3844; x_wconf 91' lang='lat' dir='ltr'><strong>a</strong></span> <span class='ocrx_word' id='word_1_493' title='bbox 1258 3811 1308 3859; x_wconf 94' lang='lat' dir='ltr'><strong>quo</strong></span> <span class='ocrx_word' id='word_1_494' title='bbox 1324 3797 1391 3845; x_wconf 88' lang='lat' dir='ltr'><strong>dona</strong></span> <span class='ocrx_word' id='word_1_495' title='bbox 1408 3799 1500 3861; x_wconf 91' lang='lat' dir='ltr'><strong>pretio·</strong></span> 
     </span>
    </p>

    <p class='ocr_par' dir='ltr' id='par_1_7' title="bbox 253 3868 1501 4249">
     <span class='ocr_line' id='line_1_44' title="bbox 299 3868 1501 3937; baseline 0.007 -19"><span class='ocrx_word' id='word_1_496' title='bbox 299 3868 477 3934; x_wconf 77' lang='grc' dir='ltr'>Ἐπικράτηςι</span> <span class='ocrx_word' id='word_1_497' title='bbox 496 3871 527 3919; x_wconf 85' lang='grc'><strong>111</strong></span> <span class='ocrx_word' id='word_1_498' title='bbox 546 3870 721 3933; x_wconf 88' lang='lat' dir='ltr'><strong>Epicratem</strong></span> <span class='ocrx_word' id='word_1_499' title='bbox 739 3881 763 3922; x_wconf 90' lang='lat' dir='ltr'><strong>et</strong></span> <span class='ocrx_word' id='word_1_500' title='bbox 780 3875 855 3924; x_wconf 90' lang='lat' dir='ltr'><strong>Phor·</strong></span> <span class='ocrx_word' id='word_1_501' title='bbox 897 3870 994 3918; x_wconf 91' lang='lat' dir='ltr'><strong>sissima</strong></span> <span class='ocrx_word' id='word_1_502' title='bbox 1013 3872 1116 3934; x_wconf 85' lang='lat' dir='ltr'><strong>accepit,</strong></span> <span class='ocrx_word' id='word_1_503' title='bbox 1132 3872 1181 3920; x_wconf 90' lang='lat' dir='ltr'><strong>alia</strong></span> <span class='ocrx_word' id='word_1_504' title='bbox 1198 3889 1257 3922; x_wconf 81' lang='lat' dir='ltr'><strong>vero</strong></span> <span class='ocrx_word' id='word_1_505' title='bbox 1275 3874 1376 3937; x_wconf 83' lang='lat' dir='ltr'><strong>publica</strong></span> <span class='ocrx_word' id='word_1_506' title='bbox 1395 3892 1501 3926; x_wconf 89' lang='lat' dir='ltr'><strong>munera</strong></span> 
     </span>
     <span class='ocr_line' id='line_1_45' title="bbox 254 3948 1500 4018; baseline 0.009 -24"><span class='ocrx_word' id='word_1_507' title='bbox 254 3948 353 3997; x_wconf 89' lang='lat' dir='ltr'><strong>misium</strong></span> <span class='ocrx_word' id='word_1_508' title='bbox 383 3948 489 4010; x_wconf 86' lang='lat' dir='ltr'><strong>scriptos</strong></span> <span class='ocrx_word' id='word_1_509' title='bbox 516 3963 570 3996; x_wconf 87' lang='lat' dir='ltr'><strong>esse</strong></span> <span class='ocrx_word' id='word_1_510' title='bbox 599 3949 709 3999; x_wconf 89' lang='lat' dir='ltr'><strong>Platonis</strong></span> <span class='ocrx_word' id='word_1_511' title='bbox 738 3953 857 4013; x_wconf 82' lang='grc' dir='ltr'>Πρέσβεις</span> <span class='ocrx_word' id='word_1_512' title='bbox 896 3948 964 3996; x_wconf 76' lang='lat' dir='ltr'><strong>mala</strong></span> <span class='ocrx_word' id='word_1_513' title='bbox 974 3949 1061 3998; x_wconf 80' lang='lat' dir='ltr'><strong>fraude</strong></span> <span class='ocrx_word' id='word_1_514' title='bbox 1076 3950 1124 3998; x_wconf 88' lang='lat' dir='ltr'><strong>sibi</strong></span> <span class='ocrx_word' id='word_1_515' title='bbox 1135 3951 1284 4000; x_wconf 77' lang='lat' dir='ltr'><strong>vindicavit:</strong></span> <span class='ocrx_word' id='word_1_516' title='bbox 1301 3951 1500 4018; x_wconf 84' lang='lat' dir='ltr'><strong>itaqueaLysia</strong></span> 
     </span>
     <span class='ocr_line' id='line_1_46' title="bbox 253 4025 1499 4093; baseline 0.005 -19"><span class='ocrx_word' id='word_1_517' title='bbox 253 4026 327 4075; x_wconf 84' lang='lat' dir='ltr'><strong>ducet</strong></span> <span class='ocrx_word' id='word_1_518' title='bbox 338 4025 503 4090; x_wconf 79' lang='lat' dir='ltr'><strong>fragmentum</strong></span> <span class='ocrx_word' id='word_1_519' title='bbox 511 4025 585 4075; x_wconf 92' lang='lat' dir='ltr'><strong>huius</strong></span> <span class='ocrx_word' id='word_1_520' title='bbox 593 4025 693 4076; x_wconf 82' lang='lat' dir='ltr'><strong>fabulae</strong></span> <span class='ocrx_word' id='word_1_521' title='bbox 700 4030 767 4092; x_wconf 91' lang='lat' dir='ltr'><strong>apud</strong></span> <span class='ocrx_word' id='word_1_522' title='bbox 777 4030 854 4079; x_wconf 85' lang='lat' dir='ltr'><strong>Athe·</strong></span> <span class='ocrx_word' id='word_1_523' title='bbox 897 4026 922 4073; x_wconf 91' lang='lat' dir='ltr'><strong>in</strong></span> <span class='ocrx_word' id='word_1_524' title='bbox 934 4026 981 4075; x_wconf 88' lang='lat' dir='ltr'><strong>ista</strong></span> <span class='ocrx_word' id='word_1_525' title='bbox 997 4027 1110 4077; x_wconf 87' lang='lat' dir='ltr'><strong>oratione</strong></span> <span class='ocrx_word' id='word_1_526' title='bbox 1121 4029 1171 4077; x_wconf 94' lang='lat' dir='ltr'><strong>duo</strong></span> <span class='ocrx_word' id='word_1_527' title='bbox 1188 4030 1345 4093; x_wconf 87' lang='lat' dir='ltr'><strong>potissimum</strong></span> <span class='ocrx_word' id='word_1_528' title='bbox 1357 4032 1462 4080; x_wconf 90' lang='lat' dir='ltr'><strong>crimina</strong></span> <span class='ocrx_word' id='word_1_529' title='bbox 1473 4033 1499 4080; x_wconf 93' lang='lat' dir='ltr'><strong>in</strong></span> 
     </span>
     <span class='ocr_line' id='line_1_47' title="bbox 253 4102 1500 4174; baseline 0.007 -24"><span class='ocrx_word' id='word_1_530' title='bbox 253 4118 343 4151; x_wconf 89' lang='lat' dir='ltr'><strong>naeum</strong></span> <span class='ocrx_word' id='word_1_531' title='bbox 361 4115 390 4151; x_wconf 82' lang='lat' dir='ltr'><strong>vl</strong></span> <span class='ocrx_word' id='word_1_532' title='bbox 407 4119 432 4167; x_wconf 89' lang='lat' dir='ltr'><strong>p.</strong></span> <span class='ocrx_word' id='word_1_533' title='bbox 453 4118 500 4168; x_wconf 81' lang='lat'><strong>²29</strong></span> <span class='ocrx_word' id='word_1_534' title='bbox 516 4102 587 4153; x_wconf 73' lang='lat' dir='ltr'><strong>rubi</strong></span> <span class='ocrx_word' id='word_1_535' title='bbox 603 4104 635 4153; x_wconf 93' lang='lat' dir='ltr'><strong>de</strong></span> <span class='ocrx_word' id='word_1_536' title='bbox 652 4107 774 4169; x_wconf 87' lang='lat' dir='ltr'><strong>argenteis</strong></span> <span class='ocrx_word' id='word_1_537' title='bbox 791 4109 856 4158; x_wconf 84' lang='lat' dir='ltr'><strong>vasis</strong></span> <span class='ocrx_word' id='word_1_538' title='bbox 896 4103 967 4152; x_wconf 90' lang='lat' dir='ltr'><strong>illum</strong></span> <span class='ocrx_word' id='word_1_539' title='bbox 985 4107 1146 4167; x_wconf 88' lang='lat' dir='ltr'><strong>coniciuntur,</strong></span> <span class='ocrx_word' id='word_1_540' title='bbox 1166 4108 1234 4170; x_wconf 93' lang='lat' dir='ltr'><strong>quod</strong></span> <span class='ocrx_word' id='word_1_541' title='bbox 1250 4111 1356 4172; x_wconf 86' lang='lat' dir='ltr'><strong>pecunia</strong></span> <span class='ocrx_word' id='word_1_542' title='bbox 1372 4111 1500 4174; x_wconf 89' lang='lat' dir='ltr'><strong>corrumpi</strong></span> 
     </span>
     <span class='ocr_line' id='line_1_48' title="bbox 254 4179 1500 4249; baseline 0.009 -23"><span class='ocrx_word' id='word_1_543' title='bbox 254 4179 368 4228; x_wconf 86' lang='lat' dir='ltr'><strong>disserit:</strong></span> <span class='ocrx_word' id='word_1_544' title='bbox 895 4197 922 4230; x_wconf 90' lang='lat' dir='ltr'><strong>se</strong></span> <span class='ocrx_word' id='word_1_545' title='bbox 939 4198 1025 4245; x_wconf 88' lang='lat' dir='ltr'><strong>passus</strong></span> <span class='ocrx_word' id='word_1_546' title='bbox 1042 4183 1073 4232; x_wconf 91' lang='lat' dir='ltr'><strong>sit</strong></span> <span class='ocrx_word' id='word_1_547' title='bbox 1090 4191 1115 4232; x_wconf 92' lang='lat' dir='ltr'><strong>et</strong></span> <span class='ocrx_word' id='word_1_548' title='bbox 1133 4185 1201 4248; x_wconf 92' lang='lat' dir='ltr'><strong>quod</strong></span> <span class='ocrx_word' id='word_1_549' title='bbox 1216 4185 1329 4248; x_wconf 91' lang='lat' dir='ltr'><strong>publicas</strong></span> <span class='ocrx_word' id='word_1_550' title='bbox 1344 4202 1406 4249; x_wconf 90' lang='lat' dir='ltr'><strong>opes</strong></span> <span class='ocrx_word' id='word_1_551' title='bbox 1425 4193 1500 4238; x_wconf 91' lang='lat' dir='ltr'><strong>surri-</strong></span> 
     </span>
    </p>

    <p class='ocr_par' dir='ltr' id='par_1_8' title="bbox 304 4260 1499 4346">
     <span class='ocr_line' id='line_1_49' title="bbox 304 4260 1499 4346; baseline 0.01 -42"><span class='ocrx_word' id='word_1_552' title='bbox 304 4291 420 4339; x_wconf 62' lang='lat' dir='ltr'><strong>nardinum</strong></span> <span class='ocrx_word' id='word_1_553' title='bbox 429 4291 583 4346; x_wconf 55' lang='lat' dir='ltr'><strong>&#39;arreptius</strong></span> <span class='ocrx_word' id='word_1_554' title='bbox 591 4309 614 4336; x_wconf 71' lang='lat' dir='ltr'><strong>re</strong></span> <span class='ocrx_word' id='word_1_555' title='bbox 623 4293 658 4335; x_wconf 53' lang='grc' dir='ltr'><strong>καὶ</strong></span> <span class='ocrx_word' id='word_1_556' title='bbox 667 4293 779 4346; x_wconf 54' lang='grc' dir='ltr'>Φορμίσιος</span> <span class='ocrx_word' id='word_1_557' title='bbox 895 4260 984 4323; x_wconf 88' lang='lat' dir='ltr'><strong>puerit,</strong></span> <span class='ocrx_word' id='word_1_558' title='bbox 998 4261 1029 4309; x_wconf 87' lang='lat' dir='ltr'><strong>cf.</strong></span> <span class='ocrx_word' id='word_1_559' title='bbox 1043 4263 1055 4320; x_wconf 66' lang='grc' dir='ltr'>ἐ</span> <span class='ocrx_word' id='word_1_560' title='bbox 1068 4277 1098 4311; x_wconf 81' lang='grc' dir='ltr'><strong>ιο</strong></span> <span class='ocrx_word' id='word_1_561' title='bbox 1109 4279 1162 4329; x_wconf 87' lang='lat' dir='ltr'><strong>sqq.</strong></span> <span class='ocrx_word' id='word_1_562' title='bbox 1197 4263 1357 4328; x_wconf 87' lang='lat' dir='ltr'><strong>Quamquam</strong></span> <span class='ocrx_word' id='word_1_563' title='bbox 1373 4272 1460 4315; x_wconf 89' lang='lat' dir='ltr'><strong>autem</strong></span> <span class='ocrx_word' id='word_1_564' title='bbox 1473 4267 1499 4316; x_wconf 92' lang='lat' dir='ltr'><strong>in</strong></span> 
     </span>
    </p>

    <p class='ocr_par' dir='ltr' id='par_1_9' title="bbox 299 4342 1499 4412">
     <span class='ocr_line' id='line_1_50' title="bbox 299 4342 1499 4412; baseline 0.011 -30"><span class='ocrx_word' id='word_1_565' title='bbox 299 4351 787 4412; x_wconf 50' lang='lat' dir='ltr'><strong>„wawapwfflmffimgfflffiqm</strong></span> <span class='ocrx_word' id='word_1_566' title='bbox 895 4349 1005 4386; x_wconf 89' lang='lat' dir='ltr'><strong>extrema</strong></span> <span class='ocrx_word' id='word_1_567' title='bbox 1022 4342 1135 4389; x_wconf 89' lang='lat' dir='ltr'><strong>oratione</strong></span> <span class='ocrx_word' id='word_1_568' title='bbox 1150 4349 1234 4390; x_wconf 91' lang='lat' dir='ltr'><strong>orator</strong></span> <span class='ocrx_word' id='word_1_569' title='bbox 1251 4342 1346 4406; x_wconf 84' lang='lat' dir='ltr'><strong>flagitat</strong></span> <span class='ocrx_word' id='word_1_570' title='bbox 1361 4351 1389 4393; x_wconf 91' lang='lat' dir='ltr'><strong>ut</strong></span> <span class='ocrx_word' id='word_1_571' title='bbox 1408 4345 1499 4395; x_wconf 89' lang='lat' dir='ltr'><strong>ultimo</strong></span> 
     </span>
    </p>

    <p class='ocr_par' dir='ltr' id='par_1_10' title="bbox 303 4413 1499 4485">
     <span class='ocr_line' id='line_1_51' title="bbox 303 4413 1499 4485; baseline 0.013 -27"><span class='ocrx_word' id='word_1_572' title='bbox 303 4413 399 4469; x_wconf 68' lang='grc' dir='ltr'>ὀξύβαφα</span> <span class='ocrx_word' id='word_1_573' title='bbox 406 4421 476 4470; x_wconf 77' lang='grc' dir='ltr'>χρυσᾶ</span> <span class='ocrx_word' id='word_1_574' title='bbox 484 4420 520 4462; x_wconf 78' lang='grc' dir='ltr'>καί</span> <span class='ocrx_word' id='word_1_575' title='bbox 528 4424 664 4468; x_wconf 77' lang='grc' dir='ltr'>πινακίσκους</span> <span class='ocrx_word' id='word_1_576' title='bbox 672 4425 778 4477; x_wconf 58' lang='lat' dir='ltr'><strong>impote.</strong></span> <span class='ocrx_word' id='word_1_577' title='bbox 895 4415 1018 4479; x_wconf 87' lang='lat' dir='ltr'><strong>supplicio</strong></span> <span class='ocrx_word' id='word_1_578' title='bbox 1034 4417 1142 4467; x_wconf 89' lang='lat' dir='ltr'><strong>afficiant</strong></span> <span class='ocrx_word' id='word_1_579' title='bbox 1160 4419 1182 4466; x_wconf 92' lang='grc' dir='ltr'>Ε</span> <span class='ocrx_word' id='word_1_580' title='bbox 1187 4422 1341 4484; x_wconf 74' lang='lat' dir='ltr'><strong>pictatem,</strong></span> <span class='ocrx_word' id='word_1_581' title='bbox 1361 4429 1455 4485; x_wconf 86' lang='lat' dir='ltr'><strong>tamen,</strong></span> <span class='ocrx_word' id='word_1_582' title='bbox 1472 4425 1499 4473; x_wconf 93' lang='lat' dir='ltr'><strong>id</strong></span> 
     </span>
    </p>

    <p class='ocr_par' dir='ltr' id='par_1_11' title="bbox 848 4511 901 4563">
     <span class='ocr_line' id='line_1_52' title="bbox 848 4511 901 4563; baseline 0 -11"><span class='ocrx_word' id='word_1_583' title='bbox 848 4511 901 4563; x_wconf 78' lang='lat'>(812)</span> 
     </span>
    </p>
   </div>
   <div class='ocr_carea' id='block_1_7' title="bbox 0 0 1642 5268">
    <p class='ocr_par' dir='ltr' id='par_1_12' title="bbox 0 0 1642 5268">
     <span class='ocr_line' id='line_1_53' title="bbox 0 0 1642 5268; baseline 0 4"><span class='ocrx_word' id='word_1_584' title='bbox 0 0 1642 5268; x_wconf 95' lang='lat' dir='ltr'><strong> </strong></span> 
     </span>
    </p>
   </div>
  </div>
 </body>
</html>
