<?xml version="1.0" encoding="UTF-8"?>
<!DOCTYPE html PUBLIC "-//W3C//DTD XHTML 1.0 Transitional//EN"
    "http://www.w3.org/TR/xhtml1/DTD/xhtml1-transitional.dtd">
<html xmlns="http://www.w3.org/1999/xhtml" xml:lang="en" lang="en">
 <head>
  <title>
</title>
<meta http-equiv="Content-Type" content="text/html;charset=utf-8" />
  <meta name='ocr-system' content='tesseract 3.04.00' />
  <meta name='ocr-capabilities' content='ocr_page ocr_carea ocr_par ocr_line ocrx_word'/>
</head>
<body>
  <div class='ocr_page' id='page_1' title='image "./onomasticonaris00holdgoog_0013.png"; bbox 0 0 3276 5268; ppageno 0'>
   <div class='ocr_carea' id='block_1_1' title="bbox 617 478 1169 567">
    <p class='ocr_par' dir='ltr' id='par_1_1' title="bbox 617 478 1169 567">
     <span class='ocr_line' id='line_1_1' title="bbox 617 478 1169 567; baseline 0.013 -22"><span class='ocrx_word' id='word_1_1' title='bbox 617 478 1169 567; x_wconf 78' lang='grc' dir='ltr'>Ἀγαμέμνων--Ἀδείμαντος</span> 
     </span>
    </p>
   </div>
   <div class='ocr_carea' id='block_1_2' title="bbox 259 650 1576 3064">
    <p class='ocr_par' dir='ltr' id='par_1_2' title="bbox 259 650 1576 3064">
     <span class='ocr_line' id='line_1_2' title="bbox 270 650 1518 723; baseline 0.006 -22"><span class='ocrx_word' id='word_1_2' title='bbox 270 667 320 716; x_wconf 91' lang='lat' dir='ltr'>quo</span> <span class='ocrx_word' id='word_1_3' title='bbox 337 667 363 702; x_wconf 88' lang='lat' dir='ltr'>se</span> <span class='ocrx_word' id='word_1_4' title='bbox 375 650 542 713; x_wconf 85' lang='lat' dir='ltr'>commendet,</span> <span class='ocrx_word' id='word_1_5' title='bbox 555 653 599 704; x_wconf 89' lang='lat' dir='ltr'>sed</span> <span class='ocrx_word' id='word_1_6' title='bbox 617 660 704 704; x_wconf 81' lang='lat' dir='ltr'>contra</span> <span class='ocrx_word' id='word_1_7' title='bbox 720 655 779 706; x_wconf 88' lang='lat' dir='ltr'>satis</span> <span class='ocrx_word' id='word_1_8' title='bbox 796 656 873 705; x_wconf 72' lang='lat' dir='ltr'>insul«</span> <span class='ocrx_word' id='word_1_9' title='bbox 910 654 1036 721; x_wconf 75' lang='grc' dir='ltr'>Ἀγύρριος</span> <span class='ocrx_word' id='word_1_10' title='bbox 1047 660 1095 708; x_wconf 84' lang='grc' dir='ltr'>νινί</span> <span class='ocrx_word' id='word_1_11' title='bbox 1105 659 1208 723; x_wconf 81' lang='grc' dir='ltr'>πράττει</span> <span class='ocrx_word' id='word_1_12' title='bbox 1216 661 1249 708; x_wconf 84' lang='grc' dir='ltr'>τό</span> <span class='ocrx_word' id='word_1_13' title='bbox 1256 657 1354 722; x_wconf 82' lang='grc' dir='ltr'>μέγιστ’</span> <span class='ocrx_word' id='word_1_14' title='bbox 1362 659 1518 723; x_wconf 79' lang='grc' dir='ltr'>ἐντῇπόλει,</span> 
     </span>
     <span class='ocr_line' id='line_1_3' title="bbox 269 735 1516 803; baseline 0.005 -20"><span class='ocrx_word' id='word_1_15' title='bbox 269 750 324 784; x_wconf 86' lang='lat' dir='ltr'>sum</span> <span class='ocrx_word' id='word_1_16' title='bbox 346 741 383 785; x_wconf 94' lang='lat' dir='ltr'>est</span> <span class='ocrx_word' id='word_1_17' title='bbox 406 742 431 785; x_wconf 90' lang='lat' dir='ltr'>et</span> <span class='ocrx_word' id='word_1_18' title='bbox 453 735 522 783; x_wconf 92' lang='lat' dir='ltr'>omni</span> <span class='ocrx_word' id='word_1_19' title='bbox 545 737 723 785; x_wconf 87' lang='lat' dir='ltr'>sententiarum</span> <span class='ocrx_word' id='word_1_20' title='bbox 751 737 873 800; x_wconf 70' lang='lat' dir='ltr'>gravitate</span> <span class='ocrx_word' id='word_1_21' title='bbox 913 743 937 785; x_wconf 91' lang='lat' dir='ltr'>et</span> <span class='ocrx_word' id='word_1_22' title='bbox 956 752 1108 802; x_wconf 85' lang='lat' dir='ltr'>quamquam</span> <span class='ocrx_word' id='word_1_23' title='bbox 1130 754 1263 802; x_wconf 91' lang='lat' dir='ltr'>suppresso</span> <span class='ocrx_word' id='word_1_24' title='bbox 1281 738 1383 788; x_wconf 89' lang='lat' dir='ltr'>nomine</span> <span class='ocrx_word' id='word_1_25' title='bbox 1403 740 1435 789; x_wconf 88' lang='lat' dir='ltr'>R.</span> <span class='ocrx_word' id='word_1_26' title='bbox 1459 738 1516 803; x_wconf 77' lang='lat'>367,</span> 
     </span>
     <span class='ocr_line' id='line_1_4' title="bbox 269 812 1519 881; baseline 0.005 -20"><span class='ocrx_word' id='word_1_27' title='bbox 269 818 344 862; x_wconf 84' lang='lat' dir='ltr'>caret.</span> <span class='ocrx_word' id='word_1_28' title='bbox 370 812 476 861; x_wconf 90' lang='lat' dir='ltr'>Numeri</span> <span class='ocrx_word' id='word_1_29' title='bbox 488 814 603 863; x_wconf 88' lang='lat' dir='ltr'>carminis</span> <span class='ocrx_word' id='word_1_30' title='bbox 615 817 657 877; x_wconf 92' lang='lat' dir='ltr'>qui</span> <span class='ocrx_word' id='word_1_31' title='bbox 669 822 725 863; x_wconf 91' lang='lat' dir='ltr'>sunt</span> <span class='ocrx_word' id='word_1_32' title='bbox 737 815 871 864; x_wconf 87' lang='lat' dir='ltr'>maximam</span> <span class='ocrx_word' id='word_1_33' title='bbox 912 815 955 862; x_wconf 92' lang='lat' dir='ltr'>ubi</span> <span class='ocrx_word' id='word_1_34' title='bbox 968 823 1042 879; x_wconf 90' lang='lat' dir='ltr'>poeta</span> <span class='ocrx_word' id='word_1_35' title='bbox 1055 816 1182 866; x_wconf 90' lang='lat' dir='ltr'>discedere</span> <span class='ocrx_word' id='word_1_36' title='bbox 1193 817 1262 866; x_wconf 92' lang='lat' dir='ltr'>iubet</span> <span class='ocrx_word' id='word_1_37' title='bbox 1274 824 1298 866; x_wconf 89' lang='lat' dir='ltr'>et</span> <span class='ocrx_word' id='word_1_38' title='bbox 1310 817 1373 866; x_wconf 87' lang='lat' dir='ltr'>alios</span> <span class='ocrx_word' id='word_1_39' title='bbox 1381 817 1519 881; x_wconf 82' lang='lat' dir='ltr'>flagitiosos</span> 
     </span>
     <span class='ocr_line' id='line_1_5' title="bbox 269 884 1520 958; baseline 0.004 -20"><span class='ocrx_word' id='word_1_40' title='bbox 269 896 366 954; x_wconf 90' lang='lat' dir='ltr'>partem</span> <span class='ocrx_word' id='word_1_41' title='bbox 378 889 458 939; x_wconf 94' lang='lat' dir='ltr'>Ionici</span> <span class='ocrx_word' id='word_1_42' title='bbox 469 889 559 939; x_wconf 91' lang='lat' dir='ltr'>molles</span> <span class='ocrx_word' id='word_1_43' title='bbox 569 898 627 939; x_wconf 91' lang='lat' dir='ltr'>sunt</span> <span class='ocrx_word' id='word_1_44' title='bbox 639 906 715 955; x_wconf 91' lang='lat' dir='ltr'>quam</span> <span class='ocrx_word' id='word_1_45' title='bbox 726 890 759 940; x_wconf 93' lang='lat' dir='ltr'>ob</span> <span class='ocrx_word' id='word_1_46' title='bbox 772 907 872 940; x_wconf 76' lang='lat' dir='ltr'>oausam</span> <span class='ocrx_word' id='word_1_47' title='bbox 912 884 1026 941; x_wconf 90' lang='lat' dir='ltr'>homines</span> <span class='ocrx_word' id='word_1_48' title='bbox 1038 901 1062 942; x_wconf 91' lang='lat' dir='ltr'>et</span> <span class='ocrx_word' id='word_1_49' title='bbox 1074 893 1095 942; x_wconf 89' lang='lat' dir='ltr'>si</span> <span class='ocrx_word' id='word_1_50' title='bbox 1107 896 1163 958; x_wconf 91' lang='lat' dir='ltr'>quis</span> <span class='ocrx_word' id='word_1_51' title='bbox 1175 895 1230 942; x_wconf 79' lang='grc' dir='ltr'>τοὺς</span> <span class='ocrx_word' id='word_1_52' title='bbox 1241 894 1339 954; x_wconf 90' lang='grc' dir='ltr'>μίσθους</span> <span class='ocrx_word' id='word_1_53' title='bbox 1353 895 1401 941; x_wconf 87' lang='grc' dir='ltr'>τῶν</span> <span class='ocrx_word' id='word_1_54' title='bbox 1412 896 1520 954; x_wconf 91' lang='grc' dir='ltr'>ποιητῶν</span> 
     </span>
     <span class='ocr_line' id='line_1_6' title="bbox 269 966 1518 1033; baseline 0.004 -18"><span class='ocrx_word' id='word_1_55' title='bbox 269 966 439 1016; x_wconf 87' lang='lat' dir='ltr'>Mnesilochus</span> <span class='ocrx_word' id='word_1_56' title='bbox 455 968 577 1018; x_wconf 82' lang='lat' dir='ltr'><strong>exclamat</strong></span> <span class='ocrx_word' id='word_1_57' title='bbox 596 969 626 1020; x_wconf 83' lang='grc' dir='ltr'>ῶς</span> <span class='ocrx_word' id='word_1_58' title='bbox 644 971 689 1029; x_wconf 78' lang='grc' dir='ltr'>ἡδύ</span> <span class='ocrx_word' id='word_1_59' title='bbox 705 971 734 1018; x_wconf 86' lang='grc' dir='ltr'>τό</span> <span class='ocrx_word' id='word_1_60' title='bbox 750 971 830 1032; x_wconf 88' lang='grc' dir='ltr'>μέλος,</span> <span class='ocrx_word' id='word_1_61' title='bbox 852 968 872 1019; x_wconf 80' lang='grc' dir='ltr'><strong><em>ὦ</em></strong></span> <span class='ocrx_word' id='word_1_62' title='bbox 913 969 1051 1032; x_wconf 72' lang='grc' dir='ltr'>ἀποτρώγει</span> <span class='ocrx_word' id='word_1_63' title='bbox 1063 973 1213 1032; x_wconf 77' lang='grc' dir='ltr'>κωμῳδηθεὶς</span> <span class='ocrx_word' id='word_1_64' title='bbox 1224 972 1249 1020; x_wconf 83' lang='grc' dir='ltr'>έν</span> <span class='ocrx_word' id='word_1_65' title='bbox 1264 973 1317 1023; x_wconf 91' lang='grc' dir='ltr'>ταΐς</span> <span class='ocrx_word' id='word_1_66' title='bbox 1329 973 1438 1033; x_wconf 75' lang='grc' dir='ltr'>πατρίοις</span> <span class='ocrx_word' id='word_1_67' title='bbox 1449 974 1518 1021; x_wconf 79' lang='grc' dir='ltr'>τελε·</span> 
     </span>
     <span class='ocr_line' id='line_1_7' title="bbox 270 1045 1517 1114; baseline 0.005 -21"><span class='ocrx_word' id='word_1_68' title='bbox 270 1045 365 1094; x_wconf 78' lang='grc' dir='ltr'>πότνιαι</span> <span class='ocrx_word' id='word_1_69' title='bbox 389 1048 561 1107; x_wconf 85' lang='grc' dir='ltr'>γενετυλλίδες,</span> <span class='ocrx_word' id='word_1_70' title='bbox 587 1048 627 1096; x_wconf 86' lang='grc' dir='ltr'>καί</span> <span class='ocrx_word' id='word_1_71' title='bbox 651 1049 808 1109; x_wconf 78' lang='grc' dir='ltr'>θηλυδριῶδες</span> <span class='ocrx_word' id='word_1_72' title='bbox 830 1050 871 1097; x_wconf 84' lang='grc' dir='ltr'>καί</span> <span class='ocrx_word' id='word_1_73' title='bbox 912 1048 966 1096; x_wconf 72' lang='grc' dir='ltr'>ταῖς</span> <span class='ocrx_word' id='word_1_74' title='bbox 986 1049 1039 1097; x_wconf 82' lang='grc' dir='ltr'>ταῖς</span> <span class='ocrx_word' id='word_1_75' title='bbox 1061 1050 1105 1097; x_wconf 83' lang='grc' dir='ltr'>τοῦ</span> <span class='ocrx_word' id='word_1_76' title='bbox 1125 1049 1257 1108; x_wconf 85' lang='grc' dir='ltr'>Διονύσου;</span> <span class='ocrx_word' id='word_1_77' title='bbox 1279 1051 1312 1098; x_wconf 87' lang='lat' dir='ltr'>ad</span> <span class='ocrx_word' id='word_1_78' title='bbox 1335 1066 1411 1114; x_wconf 88' lang='lat' dir='ltr'>quem</span> <span class='ocrx_word' id='word_1_79' title='bbox 1432 1050 1517 1099; x_wconf 89' lang='lat' dir='ltr'>locum</span> 
     </span>
     <span class='ocr_line' id='line_1_8' title="bbox 269 1125 1514 1190; baseline 0.004 -18"><span class='ocrx_word' id='word_1_80' title='bbox 269 1125 507 1185; x_wconf 74' lang='grc' dir='ltr'>κατεγλωττισμένον</span> <span class='ocrx_word' id='word_1_81' title='bbox 520 1125 559 1173; x_wconf 88' lang='grc' dir='ltr'>καί</span> <span class='ocrx_word' id='word_1_82' title='bbox 569 1126 733 1184; x_wconf 79' lang='grc' dir='ltr'>μανδαλωτόν.</span> <span class='ocrx_word' id='word_1_83' title='bbox 754 1126 873 1175; x_wconf 83' lang='lat' dir='ltr'>Camrina</span> <span class='ocrx_word' id='word_1_84' title='bbox 912 1125 1007 1174; x_wconf 90' lang='lat' dir='ltr'>scholia</span> <span class='ocrx_word' id='word_1_85' title='bbox 1018 1126 1081 1176; x_wconf 88' lang='lat' dir='ltr'>haec</span> <span class='ocrx_word' id='word_1_86' title='bbox 1092 1125 1199 1176; x_wconf 87' lang='lat' dir='ltr'>habent:</span> <span class='ocrx_word' id='word_1_87' title='bbox 1213 1129 1285 1176; x_wconf 76' lang='lat' dir='ltr'>reiro</span> <span class='ocrx_word' id='word_1_88' title='bbox 1296 1129 1329 1178; x_wconf 89' lang='grc' dir='ltr'>είς</span> <span class='ocrx_word' id='word_1_89' title='bbox 1338 1128 1458 1190; x_wconf 83' lang='grc' dir='ltr'>Ἀρχῖνον,</span> <span class='ocrx_word' id='word_1_90' title='bbox 1468 1130 1514 1189; x_wconf 81' lang='grc' dir='ltr'>μή·</span> 
     </span>
     <span class='ocr_line' id='line_1_9' title="bbox 268 1199 1517 1270; baseline 0.006 -22"><span class='ocrx_word' id='word_1_91' title='bbox 268 1199 323 1265; x_wconf 88' lang='lat' dir='ltr'>ipsa</span> <span class='ocrx_word' id='word_1_92' title='bbox 331 1217 386 1251; x_wconf 89' lang='lat' dir='ltr'>cum</span> <span class='ocrx_word' id='word_1_93' title='bbox 398 1199 498 1251; x_wconf 71' lang='lat' dir='ltr'>adilone</span> <span class='ocrx_word' id='word_1_94' title='bbox 506 1209 703 1268; x_wconf 81' lang='lat' dir='ltr'>argumentoque</span> <span class='ocrx_word' id='word_1_95' title='bbox 711 1203 809 1268; x_wconf 83' lang='lat' dir='ltr'>fabulae</span> <span class='ocrx_word' id='word_1_96' title='bbox 821 1220 871 1253; x_wconf 94' lang='lat' dir='ltr'>non</span> <span class='ocrx_word' id='word_1_97' title='bbox 913 1218 973 1251; x_wconf 86' lang='grc' dir='ltr'>ποτε</span> <span class='ocrx_word' id='word_1_98' title='bbox 985 1204 1010 1251; x_wconf 84' lang='grc' dir='ltr'>δέ</span> <span class='ocrx_word' id='word_1_99' title='bbox 1025 1201 1065 1251; x_wconf 86' lang='grc' dir='ltr'>καί</span> <span class='ocrx_word' id='word_1_100' title='bbox 1077 1205 1100 1253; x_wconf 80' lang='grc' dir='ltr'>ἐς</span> <span class='ocrx_word' id='word_1_101' title='bbox 1111 1201 1268 1270; x_wconf 74' lang='grc' dir='ltr'>Ἀγύρριον·</span> <span class='ocrx_word' id='word_1_102' title='bbox 1286 1207 1405 1266; x_wconf 81' lang='grc' dir='ltr'>μέμνηται</span> <span class='ocrx_word' id='word_1_103' title='bbox 1420 1209 1448 1256; x_wconf 80' lang='grc' dir='ltr'>δὲ</span> <span class='ocrx_word' id='word_1_104' title='bbox 1461 1208 1517 1256; x_wconf 85' lang='grc' dir='ltr'>τού-</span> 
     </span>
     <span class='ocr_line' id='line_1_10' title="bbox 262 1277 1519 1348; baseline 0.002 -19"><span class='ocrx_word' id='word_1_105' title='bbox 262 1279 327 1329; x_wconf 80' lang='lat' dir='ltr'>satis</span> <span class='ocrx_word' id='word_1_106' title='bbox 354 1279 429 1330; x_wconf 82' lang='lat' dir='ltr'>fuisse</span> <span class='ocrx_word' id='word_1_107' title='bbox 456 1277 590 1330; x_wconf 69' lang='lat' dir='ltr'>coniuncta</span> <span class='ocrx_word' id='word_1_108' title='bbox 621 1282 695 1330; x_wconf 90' lang='lat' dir='ltr'>docet</span> <span class='ocrx_word' id='word_1_109' title='bbox 723 1282 872 1331; x_wconf 88' lang='lat' dir='ltr'>Aristoteles</span> <span class='ocrx_word' id='word_1_110' title='bbox 912 1294 961 1329; x_wconf 88' lang='grc' dir='ltr'>των</span> <span class='ocrx_word' id='word_1_111' title='bbox 978 1283 1017 1330; x_wconf 88' lang='grc' dir='ltr'>καί</span> <span class='ocrx_word' id='word_1_112' title='bbox 1038 1281 1144 1332; x_wconf 79' lang='grc' dir='ltr'>Πλάτων</span> <span class='ocrx_word' id='word_1_113' title='bbox 1163 1285 1187 1332; x_wconf 77' lang='grc' dir='ltr'>ἐν</span> <span class='ocrx_word' id='word_1_114' title='bbox 1205 1285 1307 1333; x_wconf 85' lang='grc' dir='ltr'>Σκεύαις</span> <span class='ocrx_word' id='word_1_115' title='bbox 1324 1284 1364 1332; x_wconf 89' lang='grc' dir='ltr'>καί</span> <span class='ocrx_word' id='word_1_116' title='bbox 1382 1285 1519 1348; x_wconf 82' lang='grc' dir='ltr'>Σαννυρίων</span> 
     </span>
     <span class='ocr_line' id='line_1_11' title="bbox 262 1357 1517 1424; baseline 0.004 -18"><span class='ocrx_word' id='word_1_117' title='bbox 262 1357 362 1413; x_wconf 77' lang='grc' dir='ltr'>,Ροὸῐίο.</span> <span class='ocrx_word' id='word_1_118' title='bbox 376 1373 396 1407; x_wconf 82' lang='lat' dir='ltr'>c.</span> <span class='ocrx_word' id='word_1_119' title='bbox 412 1359 495 1407; x_wconf 90' lang='lat' dir='ltr'>18ubi</span> <span class='ocrx_word' id='word_1_120' title='bbox 506 1358 567 1407; x_wconf 89' lang='lat' dir='ltr'>dicit</span> <span class='ocrx_word' id='word_1_121' title='bbox 579 1359 707 1421; x_wconf 85' lang='grc' dir='ltr'>έμβόλιμα.</span> <span class='ocrx_word' id='word_1_122' title='bbox 907 1359 937 1407; x_wconf 78' lang='grc' dir='ltr'>έν</span> <span class='ocrx_word' id='word_1_123' title='bbox 966 1360 1056 1421; x_wconf 84' lang='grc' dir='ltr'>Δανιίη.</span> <span class='ocrx_word' id='word_1_124' title='bbox 1100 1358 1176 1410; x_wconf 78' lang='grc' dir='ltr'>Οὗτοι</span> <span class='ocrx_word' id='word_1_125' title='bbox 1201 1362 1250 1424; x_wconf 75' lang='grc' dir='ltr'>γὰρ</span> <span class='ocrx_word' id='word_1_126' title='bbox 1275 1363 1447 1423; x_wconf 77' lang='grc' dir='ltr'>προὶστύμενυι</span> <span class='ocrx_word' id='word_1_127' title='bbox 1471 1365 1517 1422; x_wconf 79' lang='grc' dir='ltr'>τῆς</span> 
     </span>
     <span class='ocr_line' id='line_1_12' title="bbox 261 1431 1518 1501; baseline 0.005 -18"><span class='ocrx_word' id='word_1_128' title='bbox 261 1484 263 1489; x_wconf 79' lang='grc'><em>,</em></span> <span class='ocrx_word' id='word_1_129' title='bbox 314 1431 503 1501; x_wconf 78' lang='grc' dir='ltr'>Ἀγαμίμνυινι</span> <span class='ocrx_word' id='word_1_130' title='bbox 520 1438 569 1486; x_wconf 83' lang='grc' dir='ltr'>Αν.</span> <span class='ocrx_word' id='word_1_131' title='bbox 583 1449 632 1501; x_wconf 78' lang='lat'>509</span> <span class='ocrx_word' id='word_1_132' title='bbox 913 1438 1028 1496; x_wconf 75' lang='grc' dir='ltr'>δημοσίας</span> <span class='ocrx_word' id='word_1_133' title='bbox 1042 1440 1164 1501; x_wconf 67' lang='grc' dir='ltr'>τραπέζης</span> <span class='ocrx_word' id='word_1_134' title='bbox 1178 1440 1221 1488; x_wconf 83' lang='grc' dir='ltr'>τόν</span> <span class='ocrx_word' id='word_1_135' title='bbox 1236 1441 1323 1499; x_wconf 85' lang='grc' dir='ltr'>μισθόν</span> <span class='ocrx_word' id='word_1_136' title='bbox 1339 1442 1388 1488; x_wconf 88' lang='grc' dir='ltr'>τῶν</span> <span class='ocrx_word' id='word_1_137' title='bbox 1398 1442 1518 1501; x_wconf 76' lang='grc' dir='ltr'>κωμῳδῶν</span> 
     </span>
     <span class='ocr_line' id='line_1_13' title="bbox 260 1509 1517 1579; baseline 0.008 -22"><span class='ocrx_word' id='word_1_138' title='bbox 260 1552 264 1557; x_wconf 82' lang='lat'><em>.</em></span> <span class='ocrx_word' id='word_1_139' title='bbox 315 1509 452 1579; x_wconf 73' lang='grc' dir='ltr'>Ἀγήνορι</span> <span class='ocrx_word' id='word_1_140' title='bbox 470 1514 568 1572; x_wconf 79' lang='grc' dir='ltr'>Κάδμος</span> <span class='ocrx_word' id='word_1_141' title='bbox 583 1513 714 1578; x_wconf 73' lang='grc' dir='ltr'>’Ἀγήνορος</span> <span class='ocrx_word' id='word_1_142' title='bbox 730 1517 787 1566; x_wconf 85' lang='grc' dir='ltr'>ταῖς</span> <span class='ocrx_word' id='word_1_143' title='bbox 804 1515 869 1564; x_wconf 79' lang='lat' dir='ltr'>Ran.</span> <span class='ocrx_word' id='word_1_144' title='bbox 908 1515 1231 1577; x_wconf 76' lang='grc' dir='ltr'>,δμείωσανκωμῳδηθέντες</span> <span class='ocrx_word' id='word_1_145' title='bbox 1268 1517 1334 1567; x_wconf 87' lang='lat' dir='ltr'>Vide</span> <span class='ocrx_word' id='word_1_146' title='bbox 1344 1519 1373 1567; x_wconf 93' lang='lat' dir='ltr'>C.</span> <span class='ocrx_word' id='word_1_147' title='bbox 1385 1518 1416 1567; x_wconf 90' lang='lat' dir='ltr'>G.</span> <span class='ocrx_word' id='word_1_148' title='bbox 1425 1518 1517 1568; x_wconf 87' lang='lat' dir='ltr'>Cobet.</span> 
     </span>
     <span class='ocr_line' id='line_1_14' title="bbox 271 1589 1515 1659; baseline 0.005 -20"><span class='ocrx_word' id='word_1_149' title='bbox 271 1589 332 1640; x_wconf 66' lang='lat'>1216</span> <span class='ocrx_word' id='word_1_150' title='bbox 344 1607 374 1641; x_wconf 89' lang='lat' dir='ltr'>ex</span> <span class='ocrx_word' id='word_1_151' title='bbox 386 1592 511 1655; x_wconf 82' lang='lat' dir='ltr'>Euripidis</span> <span class='ocrx_word' id='word_1_152' title='bbox 522 1592 626 1656; x_wconf 81' lang='lat' dir='ltr'>Phryxo</span> <span class='ocrx_word' id='word_1_153' title='bbox 912 1593 1010 1642; x_wconf 76' lang='lat' dir='ltr'>Pluton.</span> <span class='ocrx_word' id='word_1_154' title='bbox 1021 1595 1099 1659; x_wconf 68' lang='lat' dir='ltr'>Relzp.</span> <span class='ocrx_word' id='word_1_155' title='bbox 1114 1609 1139 1659; x_wconf 88' lang='lat' dir='ltr'>p.</span> <span class='ocrx_word' id='word_1_156' title='bbox 1153 1609 1194 1659; x_wconf 85' lang='lat'>49,</span> <span class='ocrx_word' id='word_1_157' title='bbox 1203 1595 1290 1645; x_wconf 91' lang='lat' dir='ltr'>Meier.</span> <span class='ocrx_word' id='word_1_158' title='bbox 1304 1597 1395 1646; x_wconf 67' lang='grc' dir='ltr'>δουναι.</span> <span class='ocrx_word' id='word_1_159' title='bbox 1407 1596 1436 1645; x_wconf 86' lang='lat' dir='ltr'>de</span> <span class='ocrx_word' id='word_1_160' title='bbox 1446 1598 1515 1645; x_wconf 87' lang='lat' dir='ltr'>Ran.</span> 
     </span>
     <span class='ocr_line' id='line_1_15' title="bbox 312 1666 983 1734; baseline 0.001 -17"><span class='ocrx_word' id='word_1_161' title='bbox 312 1666 477 1734; x_wconf 72' lang='grc' dir='ltr'>Ἀγκυλίωνι</span> <span class='ocrx_word' id='word_1_162' title='bbox 496 1670 572 1734; x_wconf 88' lang='lat' dir='ltr'>Vesp.</span> <span class='ocrx_word' id='word_1_163' title='bbox 590 1681 658 1734; x_wconf 81' lang='lat'>1397.</span> <span class='ocrx_word' id='word_1_164' title='bbox 687 1670 806 1719; x_wconf 84' lang='lat' dir='ltr'>Formam</span> <span class='ocrx_word' id='word_1_165' title='bbox 818 1686 870 1720; x_wconf 91' lang='lat' dir='ltr'>mo-</span> <span class='ocrx_word' id='word_1_166' title='bbox 912 1686 936 1734; x_wconf 93' lang='lat' dir='ltr'>p.</span> <span class='ocrx_word' id='word_1_167' title='bbox 953 1684 983 1732; x_wconf 77' lang='lat'>32</span> 
     </span>
     <span class='ocr_line' id='line_1_16' title="bbox 266 1745 1512 1815; baseline 0.004 -19"><span class='ocrx_word' id='word_1_168' title='bbox 266 1758 338 1797; x_wconf 82' lang='lat' dir='ltr'>resne</span> <span class='ocrx_word' id='word_1_169' title='bbox 348 1748 394 1797; x_wconf 92' lang='lat' dir='ltr'>viri</span> <span class='ocrx_word' id='word_1_170' title='bbox 406 1747 527 1811; x_wconf 84' lang='lat' dir='ltr'>significet</span> <span class='ocrx_word' id='word_1_171' title='bbox 538 1763 638 1810; x_wconf 89' lang='lat' dir='ltr'>nornen,</span> <span class='ocrx_word' id='word_1_172' title='bbox 651 1763 740 1812; x_wconf 89' lang='lat' dir='ltr'>parum</span> <span class='ocrx_word' id='word_1_173' title='bbox 751 1747 830 1812; x_wconf 90' lang='lat' dir='ltr'>liquet</span> <span class='ocrx_word' id='word_1_174' title='bbox 959 1745 1134 1815; x_wconf 74' lang='grc' dir='ltr'>Ἀγχομινόςε</span> <span class='ocrx_word' id='word_1_175' title='bbox 1169 1748 1274 1801; x_wconf 88' lang='grc' dir='ltr'>Βοιωτός</span> <span class='ocrx_word' id='word_1_176' title='bbox 1301 1751 1328 1811; x_wconf 78' lang='grc' dir='ltr'>ἐξ</span> <span class='ocrx_word' id='word_1_177' title='bbox 1351 1747 1512 1813; x_wconf 80' lang='grc' dir='ltr'>Ἀγχομενιῦ,</span> 
     </span>
     <span class='ocr_line' id='line_1_17' title="bbox 310 1822 1126 1892; baseline 0.005 -19"><span class='ocrx_word' id='word_1_178' title='bbox 310 1822 477 1890; x_wconf 73' lang='grc' dir='ltr'>Ἀγλαυροςι</span> <span class='ocrx_word' id='word_1_179' title='bbox 503 1825 623 1889; x_wconf 91' lang='lat' dir='ltr'>Cecropis</span> <span class='ocrx_word' id='word_1_180' title='bbox 643 1825 694 1874; x_wconf 85' lang='lat' dir='ltr'>filia</span> <span class='ocrx_word' id='word_1_181' title='bbox 713 1833 738 1874; x_wconf 93' lang='lat' dir='ltr'>et</span> <span class='ocrx_word' id='word_1_182' title='bbox 757 1826 870 1890; x_wconf 83' lang='lat' dir='ltr'>Agrauli,</span> <span class='ocrx_word' id='word_1_183' title='bbox 910 1827 1038 1892; x_wconf 82' lang='lat' dir='ltr'>Tagenist.</span> <span class='ocrx_word' id='word_1_184' title='bbox 1052 1828 1081 1878; x_wconf 84' lang='lat' dir='ltr'>ir.</span> <span class='ocrx_word' id='word_1_185' title='bbox 1097 1842 1126 1877; x_wconf 77' lang='lat' dir='ltr'>aa</span> 
     </span>
     <span class='ocr_line' id='line_1_18' title="bbox 266 1901 1514 1971; baseline 0.004 -19"><span class='ocrx_word' id='word_1_186' title='bbox 266 1904 366 1967; x_wconf 86' lang='lat' dir='ltr'>saepius</span> <span class='ocrx_word' id='word_1_187' title='bbox 378 1903 467 1953; x_wconf 88' lang='lat' dir='ltr'>eodem</span> <span class='ocrx_word' id='word_1_188' title='bbox 484 1918 534 1967; x_wconf 90' lang='lat' dir='ltr'>quo</span> <span class='ocrx_word' id='word_1_189' title='bbox 551 1911 630 1953; x_wconf 88' lang='lat' dir='ltr'>mater</span> <span class='ocrx_word' id='word_1_190' title='bbox 641 1903 742 1954; x_wconf 89' lang='lat' dir='ltr'>nomine</span> <span class='ocrx_word' id='word_1_191' title='bbox 755 1901 870 1969; x_wconf 81' lang='grc' dir='ltr'>Ἄγραν·</span> <span class='ocrx_word' id='word_1_192' title='bbox 957 1903 1141 1971; x_wconf 75' lang='grc' dir='ltr'>Ἀδςίμαντοςι</span> <span class='ocrx_word' id='word_1_193' title='bbox 1167 1906 1361 1969; x_wconf 82' lang='grc' dir='ltr'>όΛευκολόφου,</span> <span class='ocrx_word' id='word_1_194' title='bbox 1385 1908 1416 1956; x_wconf 94' lang='lat' dir='ltr'>R.</span> <span class='ocrx_word' id='word_1_195' title='bbox 1442 1919 1514 1970; x_wconf 80' lang='lat'>1513.</span> 
     </span>
     <span class='ocr_line' id='line_1_19' title="bbox 266 1973 1576 2051; baseline 0.003 -21"><span class='ocrx_word' id='word_1_196' title='bbox 266 1979 314 2035; x_wconf 78' lang='grc' dir='ltr'>λος</span> <span class='ocrx_word' id='word_1_197' title='bbox 327 1978 410 2031; x_wconf 72' lang='lat' dir='ltr'>dicta:</span> <span class='ocrx_word' id='word_1_198' title='bbox 428 1996 474 2045; x_wconf 92' lang='lat' dir='ltr'>per</span> <span class='ocrx_word' id='word_1_199' title='bbox 490 1988 545 2031; x_wconf 85' lang='lat' dir='ltr'>earn</span> <span class='ocrx_word' id='word_1_200' title='bbox 564 1981 627 2030; x_wconf 88' lang='lat' dir='ltr'>iurat</span> <span class='ocrx_word' id='word_1_201' title='bbox 642 1981 732 2031; x_wconf 90' lang='lat' dir='ltr'>mulier</span> <span class='ocrx_word' id='word_1_202' title='bbox 743 1981 793 2030; x_wconf 84' lang='lat' dir='ltr'>Th.</span> <span class='ocrx_word' id='word_1_203' title='bbox 811 1995 867 2045; x_wconf 76' lang='lat'>533,</span> <span class='ocrx_word' id='word_1_204' title='bbox 911 1983 1126 2049; x_wconf 80' lang='lat' dir='ltr'>Leucolophidum</span> <span class='ocrx_word' id='word_1_205' title='bbox 1149 1985 1309 2035; x_wconf 89' lang='lat' dir='ltr'>Adimanti</span> <span class='ocrx_word' id='word_1_206' title='bbox 1331 1992 1428 2051; x_wconf 84' lang='lat' dir='ltr'>patrem</span> <span class='ocrx_word' id='word_1_207' title='bbox 1447 2002 1515 2036; x_wconf 91' lang='lat' dir='ltr'>com·</span> <span class='ocrx_word' id='word_1_208' title='bbox 1571 1973 1576 1981; x_wconf 72' lang='grc'><strong>’</strong></span> 
     </span>
     <span class='ocr_line' id='line_1_20' title="bbox 260 2061 1514 2129; baseline 0 -17"><span class='ocrx_word' id='word_1_209' title='bbox 260 2076 314 2126; x_wconf 86' lang='lat' dir='ltr'>per</span> <span class='ocrx_word' id='word_1_210' title='bbox 324 2061 377 2110; x_wconf 90' lang='lat' dir='ltr'>eius</span> <span class='ocrx_word' id='word_1_211' title='bbox 388 2075 499 2110; x_wconf 88' lang='lat' dir='ltr'>sororem</span> <span class='ocrx_word' id='word_1_212' title='bbox 511 2061 657 2109; x_wconf 88' lang='lat' dir='ltr'>Pandroson</span> <span class='ocrx_word' id='word_1_213' title='bbox 668 2062 726 2124; x_wconf 92' lang='lat' dir='ltr'>Lys.</span> <span class='ocrx_word' id='word_1_214' title='bbox 740 2075 788 2126; x_wconf 83' lang='lat'>439</span> <span class='ocrx_word' id='word_1_215' title='bbox 910 2070 1032 2112; x_wconf 87' lang='lat' dir='ltr'>memorat</span> <span class='ocrx_word' id='word_1_216' title='bbox 1045 2063 1117 2112; x_wconf 89' lang='lat' dir='ltr'>Plato</span> <span class='ocrx_word' id='word_1_217' title='bbox 1131 2065 1203 2127; x_wconf 80' lang='lat' dir='ltr'>Gorg.</span> <span class='ocrx_word' id='word_1_218' title='bbox 1216 2079 1241 2128; x_wconf 92' lang='lat' dir='ltr'>p.</span> <span class='ocrx_word' id='word_1_219' title='bbox 1254 2064 1283 2111; x_wconf 87' lang='lat'>18</span> <span class='ocrx_word' id='word_1_220' title='bbox 1293 2075 1317 2123; x_wconf 76' lang='lat' dir='ltr'>n,</span> <span class='ocrx_word' id='word_1_221' title='bbox 1329 2070 1354 2112; x_wconf 95' lang='lat' dir='ltr'>et</span> <span class='ocrx_word' id='word_1_222' title='bbox 1367 2063 1514 2129; x_wconf 86' lang='lat' dir='ltr'><strong>Xenophon</strong></span> 
     </span>
     <span class='ocr_line' id='line_1_21' title="bbox 261 2136 1516 2206; baseline 0.007 -23"><span class='ocrx_word' id='word_1_223' title='bbox 261 2174 264 2181; x_wconf 83' lang='grc'><em>.</em></span> <span class='ocrx_word' id='word_1_224' title='bbox 315 2136 521 2205; x_wconf 74' lang='grc' dir='ltr'>Ἀγορύκριτοςτ</span> <span class='ocrx_word' id='word_1_225' title='bbox 546 2136 633 2188; x_wconf 71' lang='lat' dir='ltr'>fidium</span> <span class='ocrx_word' id='word_1_226' title='bbox 653 2155 744 2188; x_wconf 88' lang='lat' dir='ltr'>nomen</span> <span class='ocrx_word' id='word_1_227' title='bbox 769 2139 869 2188; x_wconf 88' lang='lat' dir='ltr'>isiciarii</span> <span class='ocrx_word' id='word_1_228' title='bbox 909 2141 1035 2204; x_wconf 80' lang='lat' dir='ltr'>Hell.14.</span> <span class='ocrx_word' id='word_1_229' title='bbox 1051 2156 1089 2201; x_wconf 81' lang='lat' dir='ltr'>ar,</span> <span class='ocrx_word' id='word_1_230' title='bbox 1105 2148 1129 2191; x_wconf 92' lang='lat' dir='ltr'>et</span> <span class='ocrx_word' id='word_1_231' title='bbox 1146 2142 1252 2206; x_wconf 90' lang='lat' dir='ltr'><strong>Eupolis</strong></span> <span class='ocrx_word' id='word_1_232' title='bbox 1267 2141 1360 2191; x_wconf 85' lang='grc' dir='ltr'>Πόλεσι</span> <span class='ocrx_word' id='word_1_233' title='bbox 1371 2142 1400 2191; x_wconf 83' lang='lat' dir='ltr'>ir.</span> <span class='ocrx_word' id='word_1_234' title='bbox 1421 2156 1457 2202; x_wconf 78' lang='grc' dir='ltr'>ια,</span> <span class='ocrx_word' id='word_1_235' title='bbox 1472 2145 1516 2192; x_wconf 76' lang='lat' dir='ltr'>cix</span> 
     </span>
     <span class='ocr_line' id='line_1_22' title="bbox 259 2217 1516 2282; baseline 0.002 -16"><span class='ocrx_word' id='word_1_236' title='bbox 259 2217 487 2282; x_wconf 73' lang='grc' dir='ltr'>,(δλλαντοπύλυυ),</span> <span class='ocrx_word' id='word_1_237' title='bbox 507 2233 612 2282; x_wconf 84' lang='lat' dir='ltr'>persona</span> <span class='ocrx_word' id='word_1_238' title='bbox 632 2218 658 2267; x_wconf 92' lang='lat' dir='ltr'>in</span> <span class='ocrx_word' id='word_1_239' title='bbox 678 2218 817 2282; x_wconf 80' lang='lat' dir='ltr'>Equitibus,</span> <span class='ocrx_word' id='word_1_240' title='bbox 835 2219 871 2268; x_wconf 65' lang='lat' dir='ltr'>ite</span> <span class='ocrx_word' id='word_1_241' title='bbox 909 2218 1021 2281; x_wconf 74' lang='grc' dir='ltr'>ἀργαλέα</span> <span class='ocrx_word' id='word_1_242' title='bbox 1041 2217 1092 2280; x_wconf 82' lang='grc' dir='ltr'>δῆτ’</span> <span class='ocrx_word' id='word_1_243' title='bbox 1109 2221 1163 2268; x_wconf 82' lang='grc' dir='ltr'>έστί</span> <span class='ocrx_word' id='word_1_244' title='bbox 1182 2221 1289 2280; x_wconf 79' lang='grc' dir='ltr'>πάσχειν</span> <span class='ocrx_word' id='word_1_245' title='bbox 1309 2218 1379 2268; x_wconf 80' lang='grc' dir='ltr'>ταῦτ’</span> <span class='ocrx_word' id='word_1_246' title='bbox 1402 2221 1452 2280; x_wconf 80' lang='grc' dir='ltr'>ἐμέ,</span> <span class='ocrx_word' id='word_1_247' title='bbox 1472 2222 1516 2269; x_wconf 85' lang='grc' dir='ltr'>τόν</span> 
     </span>
     <span class='ocr_line' id='line_1_23' title="bbox 260 2294 1514 2363; baseline 0.002 -17"><span class='ocrx_word' id='word_1_248' title='bbox 260 2294 351 2346; x_wconf 71' lang='lat' dir='ltr'>,dietus</span> <span class='ocrx_word' id='word_1_249' title='bbox 368 2297 436 2361; x_wconf 90' lang='lat' dir='ltr'>quod</span> <span class='ocrx_word' id='word_1_250' title='bbox 453 2297 478 2345; x_wconf 91' lang='grc' dir='ltr'>έν</span> <span class='ocrx_word' id='word_1_251' title='bbox 493 2295 589 2359; x_wconf 74' lang='grc' dir='ltr'>τᾴγόρρ</span> <span class='ocrx_word' id='word_1_252' title='bbox 606 2296 737 2360; x_wconf 85' lang='grc' dir='ltr'>κρινόμενος</span> <span class='ocrx_word' id='word_1_253' title='bbox 754 2297 871 2360; x_wconf 77' lang='grc' dir='ltr'>ἐβόσκετο</span> <span class='ocrx_word' id='word_1_254' title='bbox 909 2297 1088 2359; x_wconf 83' lang='grc' dir='ltr'>Λευκολοφίδου</span> <span class='ocrx_word' id='word_1_255' title='bbox 1099 2299 1175 2346; x_wconf 77' lang='grc' dir='ltr'>παῖδα</span> <span class='ocrx_word' id='word_1_256' title='bbox 1186 2299 1230 2346; x_wconf 83' lang='grc' dir='ltr'>ταῶ</span> <span class='ocrx_word' id='word_1_257' title='bbox 1240 2298 1383 2359; x_wconf 81' lang='grc' dir='ltr'>Πορθάονος,</span> <span class='ocrx_word' id='word_1_258' title='bbox 1393 2299 1426 2346; x_wconf 90' lang='lat' dir='ltr'>ad</span> <span class='ocrx_word' id='word_1_259' title='bbox 1438 2313 1514 2363; x_wconf 87' lang='lat' dir='ltr'>quem</span> 
     </span>
     <span class='ocr_line' id='line_1_24' title="bbox 259 2373 1515 2426; baseline 0.002 -2"><span class='ocrx_word' id='word_1_260' title='bbox 259 2374 379 2424; x_wconf 84' lang='lat' dir='ltr'>-‘inforo</span> <span class='ocrx_word' id='word_1_261' title='bbox 389 2373 556 2423; x_wconf 85' lang='lat' dir='ltr'>delationibus</span> <span class='ocrx_word' id='word_1_262' title='bbox 572 2380 597 2422; x_wconf 91' lang='lat' dir='ltr'>et</span> <span class='ocrx_word' id='word_1_263' title='bbox 609 2373 808 2423; x_wconf 82' lang='lat' dir='ltr'>accusationibus</span> <span class='ocrx_word' id='word_1_264' title='bbox 819 2374 869 2424; x_wconf 84' lang='lat' dir='ltr'>vic·</span> <span class='ocrx_word' id='word_1_265' title='bbox 909 2375 994 2425; x_wconf 88' lang='lat' dir='ltr'>locum</span> <span class='ocrx_word' id='word_1_266' title='bbox 1021 2375 1163 2424; x_wconf 88' lang='lat' dir='ltr'>Meinekius</span> <span class='ocrx_word' id='word_1_267' title='bbox 1186 2390 1244 2424; x_wconf 89' lang='lat' dir='ltr'>eum</span> <span class='ocrx_word' id='word_1_268' title='bbox 1271 2378 1346 2425; x_wconf 88' lang='lat' dir='ltr'>metri</span> <span class='ocrx_word' id='word_1_269' title='bbox 1366 2376 1515 2426; x_wconf 73' lang='lat' dir='ltr'>necessitate</span> 
     </span>
     <span class='ocr_line' id='line_1_25' title="bbox 259 2447 1515 2518; baseline 0.001 -16"><span class='ocrx_word' id='word_1_270' title='bbox 259 2447 543 2517; x_wconf 68' lang='lat' dir='ltr'>,tumsibiquaerebat‘</span> <span class='ocrx_word' id='word_1_271' title='bbox 561 2450 687 2517; x_wconf 79' lang='lat' dir='ltr'>Eq.1267</span> <span class='ocrx_word' id='word_1_272' title='bbox 909 2450 1013 2502; x_wconf 74' lang='lat' dir='ltr'>coatlus</span> <span class='ocrx_word' id='word_1_273' title='bbox 1047 2453 1278 2517; x_wconf 85' lang='lat' dir='ltr'>Leucolophum</span> <span class='ocrx_word' id='word_1_274' title='bbox 1315 2453 1407 2503; x_wconf 86' lang='lat' dir='ltr'>dixisse</span> <span class='ocrx_word' id='word_1_275' title='bbox 1443 2456 1515 2518; x_wconf 80' lang='lat' dir='ltr'>putat</span> 
     </span>
     <span class='ocr_line' id='line_1_26' title="bbox 259 2527 1514 2596; baseline 0 -16"><span class='ocrx_word' id='word_1_276' title='bbox 259 2562 263 2569; x_wconf 92' lang='lat'><em>·</em></span> <span class='ocrx_word' id='word_1_277' title='bbox 313 2528 480 2596; x_wconf 75' lang='grc' dir='ltr'>Ἀγνιςύςιῶ</span> <span class='ocrx_word' id='word_1_278' title='bbox 487 2528 586 2580; x_wconf 80' lang='grc' dir='ltr'>δέσποτ’</span> <span class='ocrx_word' id='word_1_279' title='bbox 597 2531 663 2591; x_wconf 73' lang='grc' dir='ltr'>όναξ,</span> <span class='ocrx_word' id='word_1_280' title='bbox 673 2527 866 2593; x_wconf 83' lang='grc' dir='ltr'>γεῖτονἈγυιςῦ,</span> <span class='ocrx_word' id='word_1_281' title='bbox 909 2530 1120 2595; x_wconf 82' lang='lat' dir='ltr'>Aristophanem:</span> <span class='ocrx_word' id='word_1_282' title='bbox 1136 2531 1184 2581; x_wconf 90' lang='lat' dir='ltr'>nisi</span> <span class='ocrx_word' id='word_1_283' title='bbox 1196 2532 1258 2581; x_wconf 89' lang='lat' dir='ltr'>risus</span> <span class='ocrx_word' id='word_1_284' title='bbox 1270 2547 1344 2582; x_wconf 85' lang='lat' dir='ltr'>causa</span> <span class='ocrx_word' id='word_1_285' title='bbox 1354 2532 1375 2581; x_wconf 90' lang='lat' dir='ltr'>is</span> <span class='ocrx_word' id='word_1_286' title='bbox 1387 2532 1413 2580; x_wconf 89' lang='lat' dir='ltr'>in</span> <span class='ocrx_word' id='word_1_287' title='bbox 1429 2539 1514 2596; x_wconf 82' lang='lat' dir='ltr'>patro·</span> 
     </span>
     <span class='ocr_line' id='line_1_27' title="bbox 267 2607 1516 2675; baseline -0.001 -16"><span class='ocrx_word' id='word_1_288' title='bbox 267 2610 356 2670; x_wconf 84' lang='grc' dir='ltr'>τούριού</span> <span class='ocrx_word' id='word_1_289' title='bbox 375 2610 494 2673; x_wconf 81' lang='grc' dir='ltr'>προθύρου</span> <span class='ocrx_word' id='word_1_290' title='bbox 513 2611 650 2671; x_wconf 83' lang='grc' dir='ltr'>προπύλαιε</span> <span class='ocrx_word' id='word_1_291' title='bbox 665 2608 742 2673; x_wconf 80' lang='lat' dir='ltr'>Vesp.</span> <span class='ocrx_word' id='word_1_292' title='bbox 762 2609 809 2671; x_wconf 82' lang='lat'>875</span> <span class='ocrx_word' id='word_1_293' title='bbox 825 2607 869 2657; x_wconf 92' lang='lat' dir='ltr'>ubi</span> <span class='ocrx_word' id='word_1_294' title='bbox 909 2622 1013 2671; x_wconf 88' lang='lat' dir='ltr'>nymum</span> <span class='ocrx_word' id='word_1_295' title='bbox 1023 2609 1110 2660; x_wconf 84' lang='lat' dir='ltr'>lusisse</span> <span class='ocrx_word' id='word_1_296' title='bbox 1121 2617 1146 2660; x_wconf 91' lang='lat' dir='ltr'>et</span> <span class='ocrx_word' id='word_1_297' title='bbox 1158 2610 1354 2675; x_wconf 76' lang='lat' dir='ltr'>Adimantum</span> <span class='ocrx_word' id='word_1_298' title='bbox 1365 2610 1516 2669; x_wconf 84' lang='grc' dir='ltr'>λευκόλοφον</span> 
     </span>
     <span class='ocr_line' id='line_1_28' title="bbox 267 2685 1515 2752; baseline -0.002 -14"><span class='ocrx_word' id='word_1_299' title='bbox 267 2687 352 2738; x_wconf 86' lang='lat' dir='ltr'>Schol.</span> <span class='ocrx_word' id='word_1_300' title='bbox 371 2688 418 2751; x_wconf 82' lang='grc' dir='ltr'>πρὸ</span> <span class='ocrx_word' id='word_1_301' title='bbox 434 2689 482 2737; x_wconf 85' lang='grc' dir='ltr'>τῶν</span> <span class='ocrx_word' id='word_1_302' title='bbox 498 2689 574 2750; x_wconf 89' lang='grc' dir='ltr'>θυρῶν</span> <span class='ocrx_word' id='word_1_303' title='bbox 588 2689 642 2737; x_wconf 79' lang='grc' dir='ltr'>ἔθος</span> <span class='ocrx_word' id='word_1_304' title='bbox 656 2688 722 2749; x_wconf 79' lang='grc' dir='ltr'>εἶχον</span> <span class='ocrx_word' id='word_1_305' title='bbox 733 2687 815 2737; x_wconf 84' lang='grc' dir='ltr'>κιόυας</span> <span class='ocrx_word' id='word_1_306' title='bbox 835 2686 867 2736; x_wconf 86' lang='grc' dir='ltr'>είς</span> <span class='ocrx_word' id='word_1_307' title='bbox 909 2685 1002 2736; x_wconf 88' lang='lat' dir='ltr'>dixisse</span> <span class='ocrx_word' id='word_1_308' title='bbox 1024 2688 1149 2752; x_wconf 81' lang='lat' dir='ltr'>putandus</span> <span class='ocrx_word' id='word_1_309' title='bbox 1171 2689 1212 2750; x_wconf 87' lang='lat' dir='ltr'>sit,</span> <span class='ocrx_word' id='word_1_310' title='bbox 1237 2689 1255 2739; x_wconf 86' lang='lat' dir='ltr'>i.</span> <span class='ocrx_word' id='word_1_311' title='bbox 1264 2705 1286 2739; x_wconf 91' lang='lat' dir='ltr'>e.</span> <span class='ocrx_word' id='word_1_312' title='bbox 1311 2688 1405 2737; x_wconf 86' lang='lat' dir='ltr'>‘filium</span> <span class='ocrx_word' id='word_1_313' title='bbox 1424 2688 1515 2737; x_wconf 82' lang='lat' dir='ltr'>cristae</span> 
     </span>
     <span class='ocr_line' id='line_1_29' title="bbox 267 2763 1513 2837; baseline -0.001 -23"><span class='ocrx_word' id='word_1_314' title='bbox 267 2766 308 2826; x_wconf 74' lang='grc' dir='ltr'>δξδ</span> <span class='ocrx_word' id='word_1_315' title='bbox 321 2765 446 2828; x_wconf 89' lang='grc' dir='ltr'>ληγούσας</span> <span class='ocrx_word' id='word_1_316' title='bbox 460 2765 490 2815; x_wconf 81' lang='grc' dir='ltr'>ὡς</span> <span class='ocrx_word' id='word_1_317' title='bbox 503 2765 643 2829; x_wconf 80' lang='grc' dir='ltr'>ὀβελίσκους</span> <span class='ocrx_word' id='word_1_318' title='bbox 655 2766 741 2826; x_wconf 83' lang='grc' dir='ltr'>ίδρύειν</span> <span class='ocrx_word' id='word_1_319' title='bbox 753 2766 786 2815; x_wconf 82' lang='grc' dir='ltr'>είς</span> <span class='ocrx_word' id='word_1_320' title='bbox 797 2764 869 2824; x_wconf 65' lang='lat' dir='ltr'>moly</span> <span class='ocrx_word' id='word_1_321' title='bbox 910 2763 1015 2827; x_wconf 61' lang='lat' dir='ltr'>galeae)</span> <span class='ocrx_word' id='word_1_322' title='bbox 1049 2767 1106 2816; x_wconf 89' lang='lat' dir='ltr'>Imo</span> <span class='ocrx_word' id='word_1_323' title='bbox 1121 2767 1255 2818; x_wconf 80' lang='lat' dir='ltr'>verisimile</span> <span class='ocrx_word' id='word_1_324' title='bbox 1270 2775 1381 2837; x_wconf 33' lang='lat' dir='ltr'>estqeum</span> <span class='ocrx_word' id='word_1_325' title='bbox 1396 2767 1430 2815; x_wconf 86' lang='lat' dir='ltr'>ob</span> <span class='ocrx_word' id='word_1_326' title='bbox 1445 2766 1513 2815; x_wconf 90' lang='lat' dir='ltr'>simi·</span> 
     </span>
     <span class='ocr_line' id='line_1_30' title="bbox 263 2841 1514 2909; baseline 0.002 -17"><span class='ocrx_word' id='word_1_327' title='bbox 263 2841 535 2908; x_wconf 73' lang='grc' dir='ltr'>’Δπόλλωνοςάγυιίως</span> <span class='ocrx_word' id='word_1_328' title='bbox 545 2861 552 2905; x_wconf 85' lang='lat'>;</span> <span class='ocrx_word' id='word_1_329' title='bbox 570 2843 670 2893; x_wconf 90' lang='lat' dir='ltr'>Thesm.</span> <span class='ocrx_word' id='word_1_330' title='bbox 688 2843 735 2909; x_wconf 84' lang='lat'>489</span> <span class='ocrx_word' id='word_1_331' title='bbox 747 2845 814 2906; x_wconf 77' lang='grc' dir='ltr'>παρὰ</span> <span class='ocrx_word' id='word_1_332' title='bbox 825 2843 869 2891; x_wconf 84' lang='grc' dir='ltr'>τόν</span> <span class='ocrx_word' id='word_1_333' title='bbox 911 2842 1042 2894; x_wconf 90' lang='lat' dir='ltr'>litudinem</span> <span class='ocrx_word' id='word_1_334' title='bbox 1060 2846 1186 2908; x_wconf 83' lang='lat' dir='ltr'>quandam</span> <span class='ocrx_word' id='word_1_335' title='bbox 1205 2846 1255 2895; x_wconf 83' lang='lat' dir='ltr'>dici</span> <span class='ocrx_word' id='word_1_336' title='bbox 1273 2845 1352 2897; x_wconf 85' lang='lat' dir='ltr'>filium</span> <span class='ocrx_word' id='word_1_337' title='bbox 1367 2845 1514 2894; x_wconf 89' lang='lat' dir='ltr'>Leucolo·</span> 
     </span>
     <span class='ocr_line' id='line_1_31' title="bbox 259 2921 1514 2987; baseline 0.002 -18"><span class='ocrx_word' id='word_1_338' title='bbox 259 2921 340 2983; x_wconf 81' lang='grc' dir='ltr'>-όγυιῶ</span> <span class='ocrx_word' id='word_1_339' title='bbox 862 2934 867 2939; x_wconf 79' lang='lat'><strong>·</strong></span> <span class='ocrx_word' id='word_1_340' title='bbox 911 2922 994 2985; x_wconf 87' lang='lat' dir='ltr'>phae,</span> <span class='ocrx_word' id='word_1_341' title='bbox 1016 2922 1124 2972; x_wconf 89' lang='lat' dir='ltr'>hominis</span> <span class='ocrx_word' id='word_1_342' title='bbox 1138 2924 1264 2985; x_wconf 88' lang='lat' dir='ltr'>desonnis,</span> <span class='ocrx_word' id='word_1_343' title='bbox 1286 2923 1329 2987; x_wconf 90' lang='lat' dir='ltr'>qui</span> <span class='ocrx_word' id='word_1_344' title='bbox 1346 2930 1383 2972; x_wconf 89' lang='lat' dir='ltr'>est</span> <span class='ocrx_word' id='word_1_345' title='bbox 1400 2922 1427 2971; x_wconf 85' lang='lat' dir='ltr'>iri</span> <span class='ocrx_word' id='word_1_346' title='bbox 1443 2923 1514 2973; x_wconf 86' lang='lat' dir='ltr'>Eccl.</span> 
     </span>
     <span class='ocr_line' id='line_1_32' title="bbox 260 2994 1510 3064; baseline 0.002 -17"><span class='ocrx_word' id='word_1_347' title='bbox 260 3006 262 3011; x_wconf 89' lang='lat'>&#39;</span> <span class='ocrx_word' id='word_1_348' title='bbox 311 2994 469 3063; x_wconf 60' lang='grc' dir='ltr'>Ἀγύρριον</span> <span class='ocrx_word' id='word_1_349' title='bbox 486 2998 645 3063; x_wconf 90' lang='lat' dir='ltr'>Collytensis,</span> <span class='ocrx_word' id='word_1_350' title='bbox 658 2998 735 3049; x_wconf 89' lang='lat' dir='ltr'>homo</span> <span class='ocrx_word' id='word_1_351' title='bbox 747 3015 863 3064; x_wconf 86' lang='lat' dir='ltr'>nequam,</span> <span class='ocrx_word' id='word_1_352' title='bbox 910 2998 967 3062; x_wconf 86' lang='lat'><strong>645.</strong></span> <span class='ocrx_word' id='word_1_353' title='bbox 1002 3000 1112 3063; x_wconf 85' lang='lat' dir='ltr'>Imperia</span> <span class='ocrx_word' id='word_1_354' title='bbox 1134 3000 1316 3049; x_wconf 82' lang='lat' dir='ltr'>Adimantus</span> <span class='ocrx_word' id='word_1_355' title='bbox 1338 3000 1400 3049; x_wconf 85' lang='lat' dir='ltr'>haec</span> <span class='ocrx_word' id='word_1_356' title='bbox 1426 3000 1510 3063; x_wconf 74' lang='lat' dir='ltr'>gessit</span> 
     </span>
    </p>
   </div>
   <div class='ocr_carea' id='block_1_3' title="bbox 258 3076 1616 3218">
    <p class='ocr_par' dir='ltr' id='par_1_3' title="bbox 258 3076 1616 3218">
     <span class='ocr_line' id='line_1_33' title="bbox 258 3076 1616 3141; baseline 0.002 -17"><span class='ocrx_word' id='word_1_357' title='bbox 258 3077 309 3141; x_wconf 88' lang='lat' dir='ltr'>.qui</span> <span class='ocrx_word' id='word_1_358' title='bbox 317 3076 522 3140; x_wconf 89' lang='lat' dir='ltr'>circiterOlymp.</span> <span class='ocrx_word' id='word_1_359' title='bbox 532 3078 790 3127; x_wconf 80' lang='lat' dir='ltr'>xcii—xcviiitantam</span> <span class='ocrx_word' id='word_1_360' title='bbox 799 3077 867 3141; x_wconf 89' lang='lat' dir='ltr'>apud</span> <span class='ocrx_word' id='word_1_361' title='bbox 912 3076 1023 3125; x_wconf 91' lang='lat' dir='ltr'>Primum</span> <span class='ocrx_word' id='word_1_362' title='bbox 1035 3078 1076 3127; x_wconf 87' lang='lat' dir='ltr'>Ol.</span> <span class='ocrx_word' id='word_1_363' title='bbox 1091 3077 1238 3126; x_wconf 81' lang='lat' dir='ltr'>xciiiadux</span> <span class='ocrx_word' id='word_1_364' title='bbox 1254 3077 1369 3126; x_wconf 86' lang='lat' dir='ltr'>suitcum</span> <span class='ocrx_word' id='word_1_365' title='bbox 1380 3077 1514 3127; x_wconf 78' lang='lat' dir='ltr'>Alcibiade</span> <span class='ocrx_word' id='word_1_366' title='bbox 1615 3088 1616 3105; x_wconf 66' lang='lat'>¹</span> 
     </span>
     <span class='ocr_line' id='line_1_34' title="bbox 259 3152 1616 3218; baseline 0.003 -17"><span class='ocrx_word' id='word_1_367' title='bbox 259 3152 388 3217; x_wconf 90' lang='lat' dir='ltr'>populum</span> <span class='ocrx_word' id='word_1_368' title='bbox 398 3153 503 3217; x_wconf 80' lang='lat' dir='ltr'>gratiam</span> <span class='ocrx_word' id='word_1_369' title='bbox 514 3162 539 3204; x_wconf 89' lang='lat' dir='ltr'>et</span> <span class='ocrx_word' id='word_1_370' title='bbox 554 3154 727 3205; x_wconf 77' lang='lat' dir='ltr'>audioritatem</span> <span class='ocrx_word' id='word_1_371' title='bbox 738 3154 867 3218; x_wconf 83' lang='lat' dir='ltr'>largiendo</span> <span class='ocrx_word' id='word_1_372' title='bbox 909 3160 935 3202; x_wconf 91' lang='lat' dir='ltr'>et</span> <span class='ocrx_word' id='word_1_373' title='bbox 956 3155 1109 3203; x_wconf 84' lang='lat' dir='ltr'>Aristocrate</span> <span class='ocrx_word' id='word_1_374' title='bbox 1128 3155 1202 3217; x_wconf 77' lang='lat' dir='ltr'>(Xen.</span> <span class='ocrx_word' id='word_1_375' title='bbox 1223 3154 1318 3203; x_wconf 77' lang='lat' dir='ltr'>Hellen.</span> <span class='ocrx_word' id='word_1_376' title='bbox 1339 3167 1389 3216; x_wconf 74' lang='lat'>14.</span> <span class='ocrx_word' id='word_1_377' title='bbox 1408 3154 1448 3213; x_wconf 80' lang='lat' dir='ltr'>ar)</span> <span class='ocrx_word' id='word_1_378' title='bbox 1468 3157 1514 3205; x_wconf 87' lang='lat' dir='ltr'>sed</span> <span class='ocrx_word' id='word_1_379' title='bbox 1615 3214 1616 3217; x_wconf 9' lang='grc' dir='ltr'>ρ</span> 
     </span>
    </p>
   </div>
   <div class='ocr_carea' id='block_1_4' title="bbox 260 3231 1514 3454">
    <p class='ocr_par' dir='ltr' id='par_1_4' title="bbox 260 3231 1514 3454">
     <span class='ocr_line' id='line_1_35' title="bbox 260 3231 1512 3297; baseline 0.002 -18"><span class='ocrx_word' id='word_1_380' title='bbox 260 3231 314 3280; x_wconf 85' lang='lat' dir='ltr'>sibi</span> <span class='ocrx_word' id='word_1_381' title='bbox 330 3231 435 3295; x_wconf 85' lang='lat' dir='ltr'>paravit,</span> <span class='ocrx_word' id='word_1_382' title='bbox 454 3234 521 3281; x_wconf 92' lang='lat' dir='ltr'>utin</span> <span class='ocrx_word' id='word_1_383' title='bbox 537 3234 601 3283; x_wconf 90' lang='lat' dir='ltr'>caesi</span> <span class='ocrx_word' id='word_1_384' title='bbox 617 3232 767 3297; x_wconf 80' lang='lat' dir='ltr'>Thrasybuli</span> <span class='ocrx_word' id='word_1_385' title='bbox 784 3232 867 3281; x_wconf 91' lang='lat' dir='ltr'>locum</span> <span class='ocrx_word' id='word_1_386' title='bbox 910 3231 996 3295; x_wconf 89' lang='lat' dir='ltr'>paullo</span> <span class='ocrx_word' id='word_1_387' title='bbox 1018 3237 1082 3295; x_wconf 90' lang='lat' dir='ltr'>post,</span> <span class='ocrx_word' id='word_1_388' title='bbox 1103 3247 1160 3280; x_wconf 91' lang='lat' dir='ltr'>cum</span> <span class='ocrx_word' id='word_1_389' title='bbox 1181 3231 1327 3281; x_wconf 81' lang='lat' dir='ltr'>Alcibiades</span> <span class='ocrx_word' id='word_1_390' title='bbox 1349 3232 1375 3280; x_wconf 91' lang='lat' dir='ltr'>in</span> <span class='ocrx_word' id='word_1_391' title='bbox 1392 3233 1512 3281; x_wconf 84' lang='lat' dir='ltr'>invidiam</span> 
     </span>
     <span class='ocr_line' id='line_1_36' title="bbox 266 3308 1514 3377; baseline 0.003 -19"><span class='ocrx_word' id='word_1_392' title='bbox 266 3316 366 3374; x_wconf 84' lang='lat' dir='ltr'>praetor</span> <span class='ocrx_word' id='word_1_393' title='bbox 381 3308 408 3359; x_wconf 92' lang='lat' dir='ltr'>in</span> <span class='ocrx_word' id='word_1_394' title='bbox 423 3311 618 3377; x_wconf 89' lang='lat' dir='ltr'>Hellespontum</span> <span class='ocrx_word' id='word_1_395' title='bbox 635 3315 724 3362; x_wconf 89' lang='lat' dir='ltr'>missus</span> <span class='ocrx_word' id='word_1_396' title='bbox 742 3318 806 3360; x_wconf 88' lang='lat' dir='ltr'>esset</span> <span class='ocrx_word' id='word_1_397' title='bbox 824 3311 865 3360; x_wconf 91' lang='lat' dir='ltr'>Ol.</span> <span class='ocrx_word' id='word_1_398' title='bbox 910 3309 1044 3370; x_wconf 85' lang='lat' dir='ltr'>recidisset,</span> <span class='ocrx_word' id='word_1_399' title='bbox 1066 3312 1190 3374; x_wconf 81' lang='lat' dir='ltr'>praetura</span> <span class='ocrx_word' id='word_1_400' title='bbox 1201 3316 1225 3359; x_wconf 87' lang='lat' dir='ltr'>et</span> <span class='ocrx_word' id='word_1_401' title='bbox 1245 3309 1299 3374; x_wconf 91' lang='lat' dir='ltr'>ipse</span> <span class='ocrx_word' id='word_1_402' title='bbox 1320 3317 1403 3360; x_wconf 89' lang='lat' dir='ltr'>motus</span> <span class='ocrx_word' id='word_1_403' title='bbox 1425 3312 1514 3362; x_wconf 80' lang='lat' dir='ltr'>eadem</span> 
     </span>
     <span class='ocr_line' id='line_1_37' title="bbox 265 3385 1512 3454; baseline 0.002 -17"><span class='ocrx_word' id='word_1_404' title='bbox 265 3388 331 3438; x_wconf 86' lang='lat' dir='ltr'>xcvii</span> <span class='ocrx_word' id='word_1_405' title='bbox 348 3402 377 3451; x_wconf 82' lang='lat'>33</span> <span class='ocrx_word' id='word_1_406' title='bbox 396 3390 643 3454; x_wconf 85' lang='lat' dir='ltr'>Xenoph.Hell.1v</span> <span class='ocrx_word' id='word_1_407' title='bbox 661 3392 684 3450; x_wconf 90' lang='lat'>8,</span> <span class='ocrx_word' id='word_1_408' title='bbox 698 3398 737 3451; x_wconf 71' lang='lat'>31,</span> <span class='ocrx_word' id='word_1_409' title='bbox 758 3389 864 3440; x_wconf 88' lang='lat' dir='ltr'>Diodor.</span> <span class='ocrx_word' id='word_1_410' title='bbox 910 3385 1004 3435; x_wconf 83' lang='lat' dir='ltr'>invidia</span> <span class='ocrx_word' id='word_1_411' title='bbox 1021 3387 1180 3450; x_wconf 85' lang='lat' dir='ltr'>conflagravit</span> <span class='ocrx_word' id='word_1_412' title='bbox 1197 3388 1326 3453; x_wconf 78' lang='lat' dir='ltr'>(Xenoph.</span> <span class='ocrx_word' id='word_1_413' title='bbox 1343 3390 1361 3439; x_wconf 89' lang='lat' dir='ltr'>l.</span> <span class='ocrx_word' id='word_1_414' title='bbox 1367 3390 1383 3438; x_wconf 88' lang='lat' dir='ltr'>I.</span> <span class='ocrx_word' id='word_1_415' title='bbox 1398 3401 1407 3437; x_wconf 92' lang='lat'><strong>1</strong></span> <span class='ocrx_word' id='word_1_416' title='bbox 1424 3404 1445 3451; x_wconf 87' lang='lat'>5.</span> <span class='ocrx_word' id='word_1_417' title='bbox 1463 3388 1512 3451; x_wconf 82' lang='lat'>16).</span> 
     </span>
    </p>
   </div>
   <div class='ocr_carea' id='block_1_5' title="bbox 265 3458 1615 3532">
    <p class='ocr_par' dir='ltr' id='par_1_5' title="bbox 265 3458 1615 3532">
     <span class='ocr_line' id='line_1_38' title="bbox 265 3458 1615 3532; baseline 0.001 -16"><span class='ocrx_word' id='word_1_418' title='bbox 265 3479 317 3516; x_wconf 79' lang='lat' dir='ltr'>xiv</span> <span class='ocrx_word' id='word_1_419' title='bbox 338 3480 378 3531; x_wconf 82' lang='lat'>99.</span> <span class='ocrx_word' id='word_1_420' title='bbox 414 3467 532 3518; x_wconf 89' lang='lat' dir='ltr'>Meminit</span> <span class='ocrx_word' id='word_1_421' title='bbox 553 3470 606 3518; x_wconf 91' lang='lat' dir='ltr'>eius</span> <span class='ocrx_word' id='word_1_422' title='bbox 629 3467 812 3517; x_wconf 89' lang='lat' dir='ltr'>Demosthenes</span> <span class='ocrx_word' id='word_1_423' title='bbox 829 3481 866 3516; x_wconf 89' lang='lat' dir='ltr'>or.</span> <span class='ocrx_word' id='word_1_424' title='bbox 910 3464 989 3513; x_wconf 91' lang='lat' dir='ltr'>Anno</span> <span class='ocrx_word' id='word_1_425' title='bbox 1006 3473 1062 3528; x_wconf 89' lang='lat' dir='ltr'>post</span> <span class='ocrx_word' id='word_1_426' title='bbox 1074 3466 1115 3514; x_wconf 94' lang='lat' dir='ltr'>Ol.</span> <span class='ocrx_word' id='word_1_427' title='bbox 1134 3466 1217 3528; x_wconf 81' lang='lat' dir='ltr'>xciii3</span> <span class='ocrx_word' id='word_1_428' title='bbox 1233 3481 1290 3516; x_wconf 87' lang='lat' dir='ltr'>cum</span> <span class='ocrx_word' id='word_1_429' title='bbox 1306 3482 1398 3517; x_wconf 87' lang='lat' dir='ltr'>novem</span> <span class='ocrx_word' id='word_1_430' title='bbox 1414 3476 1514 3532; x_wconf 90' lang='lat' dir='ltr'>praeto·</span> <span class='ocrx_word' id='word_1_431' title='bbox 1614 3458 1615 3465; x_wconf 15' lang='grc' dir='ltr'>ί</span> 
     </span>
    </p>
   </div>
   <div class='ocr_carea' id='block_1_6' title="bbox 258 3541 1515 3765">
    <p class='ocr_par' dir='ltr' id='par_1_6' title="bbox 258 3541 1515 3765">
     <span class='ocr_line' id='line_1_39' title="bbox 258 3541 1513 3612; baseline 0 -17"><span class='ocrx_word' id='word_1_432' title='bbox 258 3546 322 3596; x_wconf 77' lang='lat' dir='ltr'>adv.</span> <span class='ocrx_word' id='word_1_433' title='bbox 334 3547 442 3596; x_wconf 90' lang='lat' dir='ltr'>Timocr.</span> <span class='ocrx_word' id='word_1_434' title='bbox 457 3563 482 3612; x_wconf 91' lang='lat' dir='ltr'>p.</span> <span class='ocrx_word' id='word_1_435' title='bbox 497 3554 559 3609; x_wconf 71' lang='lat'><strong>742&#39;:</strong></span> <span class='ocrx_word' id='word_1_436' title='bbox 576 3549 661 3595; x_wconf 76' lang='grc' dir='ltr'>ἔπειτα</span> <span class='ocrx_word' id='word_1_437' title='bbox 671 3542 816 3611; x_wconf 82' lang='grc' dir='ltr'>Ἀγύρριον</span> <span class='ocrx_word' id='word_1_438' title='bbox 827 3547 869 3595; x_wconf 88' lang='grc' dir='ltr'>τδν</span> <span class='ocrx_word' id='word_1_439' title='bbox 911 3543 979 3591; x_wconf 87' lang='lat' dir='ltr'>ribus</span> <span class='ocrx_word' id='word_1_440' title='bbox 995 3541 1051 3592; x_wconf 92' lang='lat' dir='ltr'>loco</span> <span class='ocrx_word' id='word_1_441' title='bbox 1067 3543 1142 3593; x_wconf 89' lang='lat' dir='ltr'>motis</span> <span class='ocrx_word' id='word_1_442' title='bbox 1158 3545 1246 3608; x_wconf 83' lang='lat' dir='ltr'>ingens</span> <span class='ocrx_word' id='word_1_443' title='bbox 1263 3560 1346 3594; x_wconf 85' lang='lat' dir='ltr'>rursus</span> <span class='ocrx_word' id='word_1_444' title='bbox 1363 3552 1427 3595; x_wconf 90' lang='lat' dir='ltr'>esset</span> <span class='ocrx_word' id='word_1_445' title='bbox 1442 3545 1513 3595; x_wconf 85' lang='lat' dir='ltr'>Alci·</span> 
     </span>
     <span class='ocr_line' id='line_1_40' title="bbox 265 3620 1514 3688; baseline 0 -15"><span class='ocrx_word' id='word_1_446' title='bbox 265 3625 403 3686; x_wconf 88' lang='grc' dir='ltr'>Κολλυτέα,</span> <span class='ocrx_word' id='word_1_447' title='bbox 419 3626 493 3688; x_wconf 86' lang='grc' dir='ltr'>δνδριι</span> <span class='ocrx_word' id='word_1_448' title='bbox 508 3624 616 3686; x_wconf 85' lang='grc' dir='ltr'>χρηστόν</span> <span class='ocrx_word' id='word_1_449' title='bbox 632 3625 673 3672; x_wconf 80' lang='grc' dir='ltr'>καί</span> <span class='ocrx_word' id='word_1_450' title='bbox 684 3625 812 3684; x_wconf 72' lang='grc' dir='ltr'>δημοτικόν</span> <span class='ocrx_word' id='word_1_451' title='bbox 828 3626 868 3673; x_wconf 82' lang='grc' dir='ltr'>καί</span> <span class='ocrx_word' id='word_1_452' title='bbox 911 3620 992 3670; x_wconf 82' lang='lat' dir='ltr'>biadis</span> <span class='ocrx_word' id='word_1_453' title='bbox 1003 3620 1152 3671; x_wconf 87' lang='lat' dir='ltr'>desiderium</span> <span class='ocrx_word' id='word_1_454' title='bbox 1160 3623 1233 3685; x_wconf 79' lang='lat' dir='ltr'>(Rau.</span> <span class='ocrx_word' id='word_1_455' title='bbox 1244 3638 1267 3672; x_wconf 88' lang='lat' dir='ltr'>v.</span> <span class='ocrx_word' id='word_1_456' title='bbox 1279 3622 1350 3683; x_wconf 79' lang='lat'>1425)</span> <span class='ocrx_word' id='word_1_457' title='bbox 1361 3622 1514 3673; x_wconf 82' lang='lat' dir='ltr'>Adimantus</span> 
     </span>
     <span class='ocr_line' id='line_1_41' title="bbox 265 3699 1515 3765; baseline 0.003 -18"><span class='ocrx_word' id='word_1_458' title='bbox 265 3703 321 3764; x_wconf 79' lang='grc' dir='ltr'>περί</span> <span class='ocrx_word' id='word_1_459' title='bbox 335 3704 365 3751; x_wconf 76' lang='grc' dir='ltr'>τό</span> <span class='ocrx_word' id='word_1_460' title='bbox 381 3703 474 3763; x_wconf 78' lang='grc' dir='ltr'>πλῆθος</span> <span class='ocrx_word' id='word_1_461' title='bbox 487 3704 517 3751; x_wconf 77' lang='grc' dir='ltr'>τό</span> <span class='ocrx_word' id='word_1_462' title='bbox 533 3703 645 3765; x_wconf 77' lang='grc' dir='ltr'>ὑμέτερον</span> <span class='ocrx_word' id='word_1_463' title='bbox 662 3704 744 3752; x_wconf 77' lang='grc' dir='ltr'>πολλὰ</span> <span class='ocrx_word' id='word_1_464' title='bbox 763 3703 868 3752; x_wconf 66' lang='lat' dir='ltr'>novill-</span> <span class='ocrx_word' id='word_1_465' title='bbox 911 3714 968 3747; x_wconf 87' lang='lat' dir='ltr'>cum</span> <span class='ocrx_word' id='word_1_466' title='bbox 991 3699 1097 3748; x_wconf 91' lang='lat' dir='ltr'>Conone</span> <span class='ocrx_word' id='word_1_467' title='bbox 1117 3707 1143 3748; x_wconf 94' lang='lat' dir='ltr'>et</span> <span class='ocrx_word' id='word_1_468' title='bbox 1166 3699 1277 3749; x_wconf 88' lang='lat' dir='ltr'>Philocle</span> <span class='ocrx_word' id='word_1_469' title='bbox 1299 3699 1389 3749; x_wconf 89' lang='lat' dir='ltr'>iterum</span> <span class='ocrx_word' id='word_1_470' title='bbox 1412 3707 1515 3763; x_wconf 77' lang='lat' dir='ltr'>praetor</span> 
     </span>
    </p>
   </div>
   <div class='ocr_carea' id='block_1_7' title="bbox 259 3775 1513 3844">
    <p class='ocr_par' dir='ltr' id='par_1_7' title="bbox 259 3775 1614 3861">
     <span class='ocr_line' id='line_1_42' title="bbox 259 3775 1513 3844; baseline -0.001 -14"><span class='ocrx_word' id='word_1_471' title='bbox 259 3796 350 3829; x_wconf 76' lang='grc' dir='ltr'>σαντα</span> <span class='ocrx_word' id='word_1_472' title='bbox 385 3780 869 3844; x_wconf 73' lang='grc' dir='ltr'>Στρατηγδςνοςοίιικςεθθηλυδριώδης</span> <span class='ocrx_word' id='word_1_473' title='bbox 911 3775 992 3827; x_wconf 72' lang='lat' dir='ltr'>fedius</span> <span class='ocrx_word' id='word_1_474' title='bbox 1003 3785 1040 3827; x_wconf 91' lang='lat' dir='ltr'>est</span> <span class='ocrx_word' id='word_1_475' title='bbox 1058 3778 1185 3841; x_wconf 77' lang='lat' dir='ltr'>(Xenoph</span> <span class='ocrx_word' id='word_1_476' title='bbox 1199 3778 1243 3826; x_wconf 69' lang='grc' dir='ltr'>δι,</span> <span class='ocrx_word' id='word_1_477' title='bbox 1257 3790 1267 3825; x_wconf 92' lang='lat'><em>1</em></span> <span class='ocrx_word' id='word_1_478' title='bbox 1280 3788 1301 3839; x_wconf 85' lang='lat'>7.</span> <span class='ocrx_word' id='word_1_479' title='bbox 1317 3777 1346 3838; x_wconf 89' lang='lat'>1).</span> <span class='ocrx_word' id='word_1_480' title='bbox 1384 3777 1513 3829; x_wconf 87' lang='lat' dir='ltr'>Nimirum</span> 
     </span>
    </p>
   </div>
   <div class='ocr_carea' id='block_1_8' title="bbox 259 3854 1514 4314">
    <p class='ocr_par' dir='ltr' id='par_1_8' title="bbox 259 3854 1514 4314">
     <span class='ocr_line' id='line_1_43' title="bbox 265 3854 1513 3924; baseline -0.001 -17"><span class='ocrx_word' id='word_1_481' title='bbox 265 3859 298 3907; x_wconf 86' lang='lat' dir='ltr'>ab</span> <span class='ocrx_word' id='word_1_482' title='bbox 317 3859 493 3924; x_wconf 86' lang='lat' dir='ltr'>Aristophanis</span> <span class='ocrx_word' id='word_1_483' title='bbox 511 3859 595 3910; x_wconf 88' lang='lat' dir='ltr'>Schol.</span> <span class='ocrx_word' id='word_1_484' title='bbox 612 3861 646 3910; x_wconf 93' lang='lat' dir='ltr'>ad</span> <span class='ocrx_word' id='word_1_485' title='bbox 665 3859 761 3909; x_wconf 83' lang='lat' dir='ltr'>Eccles.</span> <span class='ocrx_word' id='word_1_486' title='bbox 774 3875 797 3908; x_wconf 87' lang='lat' dir='ltr'>v.</span> <span class='ocrx_word' id='word_1_487' title='bbox 814 3872 866 3910; x_wconf 81' lang='lat' dir='ltr'>ron.</span> <span class='ocrx_word' id='word_1_488' title='bbox 910 3856 1106 3906; x_wconf 80' lang='lat' dir='ltr'>cumAlcibiade</span> <span class='ocrx_word' id='word_1_489' title='bbox 1113 3855 1277 3904; x_wconf 85' lang='lat' dir='ltr'>Adimantum</span> <span class='ocrx_word' id='word_1_490' title='bbox 1284 3854 1513 3911; x_wconf 72' lang='lat' dir='ltr'>amicitiaiundium</span> 
     </span>
     <span class='ocr_line' id='line_1_44' title="bbox 266 3932 1513 4000; baseline -0.003 -14"><span class='ocrx_word' id='word_1_491' title='bbox 266 3935 364 3986; x_wconf 71' lang='lat' dir='ltr'>Aridior</span> <span class='ocrx_word' id='word_1_492' title='bbox 374 3945 456 3987; x_wconf 84' lang='lat' dir='ltr'>antem</span> <span class='ocrx_word' id='word_1_493' title='bbox 468 3937 515 3986; x_wconf 83' lang='lat' dir='ltr'>fuit</span> <span class='ocrx_word' id='word_1_494' title='bbox 525 3943 553 3985; x_wconf 86' lang='lat' dir='ltr'>ut</span> <span class='ocrx_word' id='word_1_495' title='bbox 570 3952 615 4000; x_wconf 94' lang='lat' dir='ltr'>pro</span> <span class='ocrx_word' id='word_1_496' title='bbox 631 3952 682 3985; x_wconf 89' lang='lat' dir='ltr'>uno</span> <span class='ocrx_word' id='word_1_497' title='bbox 699 3937 776 3986; x_wconf 88' lang='lat' dir='ltr'>obolo</span> <span class='ocrx_word' id='word_1_498' title='bbox 793 3941 869 3986; x_wconf 90' lang='lat' dir='ltr'>comi·</span> <span class='ocrx_word' id='word_1_499' title='bbox 911 3934 986 3983; x_wconf 82' lang='lat' dir='ltr'>fuisse</span> <span class='ocrx_word' id='word_1_500' title='bbox 1003 3933 1127 3997; x_wconf 83' lang='lat' dir='ltr'>colligitur</span> <span class='ocrx_word' id='word_1_501' title='bbox 1144 3933 1220 3981; x_wconf 89' lang='lat' dir='ltr'>etiam</span> <span class='ocrx_word' id='word_1_502' title='bbox 1234 3948 1248 3982; x_wconf 93' lang='lat' dir='ltr'>e</span> <span class='ocrx_word' id='word_1_503' title='bbox 1264 3933 1340 3995; x_wconf 87' lang='lat' dir='ltr'>Lysia</span> <span class='ocrx_word' id='word_1_504' title='bbox 1357 3933 1383 3980; x_wconf 91' lang='lat' dir='ltr'>in</span> <span class='ocrx_word' id='word_1_505' title='bbox 1400 3932 1513 3982; x_wconf 81' lang='lat' dir='ltr'>Alcibia-</span> 
     </span>
     <span class='ocr_line' id='line_1_45' title="bbox 259 4009 1512 4077; baseline -0.003 -13"><span class='ocrx_word' id='word_1_506' title='bbox 259 4016 356 4065; x_wconf 80' lang='lat' dir='ltr'>tiorum</span> <span class='ocrx_word' id='word_1_507' title='bbox 373 4031 468 4065; x_wconf 87' lang='lat' dir='ltr'>merces</span> <span class='ocrx_word' id='word_1_508' title='bbox 483 4014 701 4077; x_wconf 76' lang='grc' dir='ltr'>(ἐκκλησιαστικὸν)</span> <span class='ocrx_word' id='word_1_509' title='bbox 719 4022 783 4065; x_wconf 87' lang='lat' dir='ltr'>esset</span> <span class='ocrx_word' id='word_1_510' title='bbox 800 4017 868 4077; x_wconf 78' lang='grc' dir='ltr'>τριῶ·</span> <span class='ocrx_word' id='word_1_511' title='bbox 909 4012 969 4062; x_wconf 90' lang='lat' dir='ltr'>dem</span> <span class='ocrx_word' id='word_1_512' title='bbox 987 4025 996 4059; x_wconf 92' lang='lat'>1</span> <span class='ocrx_word' id='word_1_513' title='bbox 1008 4013 1021 4070; x_wconf 65' lang='grc' dir='ltr'><strong>ς</strong></span> <span class='ocrx_word' id='word_1_514' title='bbox 1032 4013 1063 4074; x_wconf 83' lang='lat'>38</span> <span class='ocrx_word' id='word_1_515' title='bbox 1075 4011 1117 4060; x_wconf 91' lang='lat' dir='ltr'>ubi</span> <span class='ocrx_word' id='word_1_516' title='bbox 1129 4009 1238 4074; x_wconf 88' lang='lat' dir='ltr'>proditio</span> <span class='ocrx_word' id='word_1_517' title='bbox 1249 4011 1281 4059; x_wconf 82' lang='lat' dir='ltr'>ab</span> <span class='ocrx_word' id='word_1_518' title='bbox 1294 4010 1432 4060; x_wconf 85' lang='lat' dir='ltr'>Adimanto</span> <span class='ocrx_word' id='word_1_519' title='bbox 1443 4026 1512 4060; x_wconf 89' lang='lat' dir='ltr'>com·</span> 
     </span>
     <span class='ocr_line' id='line_1_46' title="bbox 264 4088 1513 4158; baseline -0.002 -17"><span class='ocrx_word' id='word_1_520' title='bbox 264 4095 347 4155; x_wconf 83' lang='grc' dir='ltr'>βολον,</span> <span class='ocrx_word' id='word_1_521' title='bbox 359 4109 423 4158; x_wconf 87' lang='lat' dir='ltr'>quae</span> <span class='ocrx_word' id='word_1_522' title='bbox 439 4108 478 4142; x_wconf 90' lang='lat' dir='ltr'>res</span> <span class='ocrx_word' id='word_1_523' title='bbox 493 4093 633 4156; x_wconf 81' lang='lat' dir='ltr'>gratissima</span> <span class='ocrx_word' id='word_1_524' title='bbox 649 4090 718 4157; x_wconf 92' lang='lat' dir='ltr'>plebi</span> <span class='ocrx_word' id='word_1_525' title='bbox 734 4093 780 4142; x_wconf 82' lang='lat' dir='ltr'>fuit</span> <span class='ocrx_word' id='word_1_526' title='bbox 792 4093 867 4153; x_wconf 84' lang='lat' dir='ltr'>(Plut.</span> <span class='ocrx_word' id='word_1_527' title='bbox 909 4091 986 4139; x_wconf 83' lang='lat' dir='ltr'>missa</span> <span class='ocrx_word' id='word_1_528' title='bbox 1002 4089 1065 4139; x_wconf 84' lang='lat' dir='ltr'>falso</span> <span class='ocrx_word' id='word_1_529' title='bbox 1076 4104 1132 4137; x_wconf 87' lang='lat' dir='ltr'>cum</span> <span class='ocrx_word' id='word_1_530' title='bbox 1144 4088 1277 4137; x_wconf 88' lang='lat' dir='ltr'>Alcibiade</span> <span class='ocrx_word' id='word_1_531' title='bbox 1289 4100 1389 4152; x_wconf 87' lang='lat' dir='ltr'>quoque</span> <span class='ocrx_word' id='word_1_532' title='bbox 1400 4104 1513 4139; x_wconf 89' lang='lat' dir='ltr'>commu·</span> 
     </span>
     <span class='ocr_line' id='line_1_47' title="bbox 260 4166 1514 4237; baseline -0.007 -16"><span class='ocrx_word' id='word_1_533' title='bbox 260 4172 385 4236; x_wconf 79' lang='lat' dir='ltr'>&#39;329‚17r,</span> <span class='ocrx_word' id='word_1_534' title='bbox 398 4173 465 4223; x_wconf 88' lang='lat' dir='ltr'>Eccl.</span> <span class='ocrx_word' id='word_1_535' title='bbox 475 4185 529 4234; x_wconf 82' lang='lat'>303,</span> <span class='ocrx_word' id='word_1_536' title='bbox 540 4170 594 4234; x_wconf 76' lang='lat'>380,</span> <span class='ocrx_word' id='word_1_537' title='bbox 608 4185 663 4237; x_wconf 81' lang='lat'><strong>392,</strong></span> <span class='ocrx_word' id='word_1_538' title='bbox 675 4172 731 4233; x_wconf 81' lang='lat'>547)</span> <span class='ocrx_word' id='word_1_539' title='bbox 742 4180 767 4221; x_wconf 89' lang='lat' dir='ltr'>et</span> <span class='ocrx_word' id='word_1_540' title='bbox 778 4172 868 4221; x_wconf 88' lang='lat' dir='ltr'>mimm</span> <span class='ocrx_word' id='word_1_541' title='bbox 910 4169 1013 4217; x_wconf 83' lang='lat' dir='ltr'>nicatur.</span> <span class='ocrx_word' id='word_1_542' title='bbox 1047 4168 1165 4232; x_wconf 89' lang='lat' dir='ltr'>Namque</span> <span class='ocrx_word' id='word_1_543' title='bbox 1184 4168 1217 4216; x_wconf 86' lang='lat' dir='ltr'>ad</span> <span class='ocrx_word' id='word_1_544' title='bbox 1235 4167 1320 4230; x_wconf 84' lang='lat' dir='ltr'>Aegos</span> <span class='ocrx_word' id='word_1_545' title='bbox 1337 4166 1429 4215; x_wconf 90' lang='lat' dir='ltr'>flumen</span> <span class='ocrx_word' id='word_1_546' title='bbox 1448 4167 1514 4216; x_wconf 78' lang='lat' dir='ltr'>Adr-</span> 
     </span>
     <span class='ocr_line' id='line_1_48' title="bbox 266 4244 1511 4314; baseline -0.002 -17"><span class='ocrx_word' id='word_1_547' title='bbox 266 4249 292 4297; x_wconf 94' lang='lat' dir='ltr'>in</span> <span class='ocrx_word' id='word_1_548' title='bbox 303 4251 406 4299; x_wconf 89' lang='lat' dir='ltr'>modum</span> <span class='ocrx_word' id='word_1_549' title='bbox 420 4251 453 4299; x_wconf 95' lang='lat' dir='ltr'>ad</span> <span class='ocrx_word' id='word_1_550' title='bbox 471 4250 572 4300; x_wconf 89' lang='lat' dir='ltr'>comitia</span> <span class='ocrx_word' id='word_1_551' title='bbox 587 4250 766 4314; x_wconf 87' lang='lat' dir='ltr'>frequentanda</span> <span class='ocrx_word' id='word_1_552' title='bbox 783 4249 868 4299; x_wconf 89' lang='lat' dir='ltr'>allexit</span> <span class='ocrx_word' id='word_1_553' title='bbox 909 4254 1015 4306; x_wconf 86' lang='lat' dir='ltr'>mantus,</span> <span class='ocrx_word' id='word_1_554' title='bbox 1036 4246 1079 4311; x_wconf 89' lang='lat' dir='ltr'>qui</span> <span class='ocrx_word' id='word_1_555' title='bbox 1096 4249 1172 4296; x_wconf 80' lang='lat' dir='ltr'>etiam</span> <span class='ocrx_word' id='word_1_556' title='bbox 1187 4252 1241 4293; x_wconf 86' lang='lat' dir='ltr'>tum</span> <span class='ocrx_word' id='word_1_557' title='bbox 1259 4258 1315 4294; x_wconf 87' lang='lat' dir='ltr'>cum</span> <span class='ocrx_word' id='word_1_558' title='bbox 1332 4244 1437 4307; x_wconf 90' lang='lat' dir='ltr'>imperio</span> <span class='ocrx_word' id='word_1_559' title='bbox 1455 4244 1511 4304; x_wconf 84' lang='lat' dir='ltr'>fuit,</span> 
     </span>
    </p>
   </div>
   <div class='ocr_carea' id='block_1_9' title="bbox 266 4322 1613 4392">
    <p class='ocr_par' dir='ltr' id='par_1_9' title="bbox 266 4322 1613 4392">
     <span class='ocr_line' id='line_1_49' title="bbox 266 4322 1613 4392; baseline -0.007 -16"><span class='ocrx_word' id='word_1_560' title='bbox 266 4343 395 4392; x_wconf 88' lang='lat' dir='ltr'>pauperes.</span> <span class='ocrx_word' id='word_1_561' title='bbox 427 4329 525 4378; x_wconf 89' lang='lat' dir='ltr'>Mentio</span> <span class='ocrx_word' id='word_1_562' title='bbox 536 4328 588 4378; x_wconf 90' lang='lat' dir='ltr'>eius</span> <span class='ocrx_word' id='word_1_563' title='bbox 600 4335 637 4376; x_wconf 89' lang='lat' dir='ltr'>est</span> <span class='ocrx_word' id='word_1_564' title='bbox 650 4343 701 4376; x_wconf 91' lang='lat' dir='ltr'>non</span> <span class='ocrx_word' id='word_1_565' title='bbox 712 4327 788 4377; x_wconf 90' lang='lat' dir='ltr'>semel</span> <span class='ocrx_word' id='word_1_566' title='bbox 800 4324 867 4392; x_wconf 89' lang='lat' dir='ltr'>apud</span> <span class='ocrx_word' id='word_1_567' title='bbox 910 4323 1014 4374; x_wconf 87' lang='lat' dir='ltr'>classem</span> <span class='ocrx_word' id='word_1_568' title='bbox 1037 4323 1228 4372; x_wconf 88' lang='lat' dir='ltr'>Atheniensium</span> <span class='ocrx_word' id='word_1_569' title='bbox 1255 4330 1357 4386; x_wconf 89' lang='lat' dir='ltr'>putatur</span> <span class='ocrx_word' id='word_1_570' title='bbox 1380 4322 1512 4385; x_wconf 84' lang='lat' dir='ltr'>Lysandro</span> <span class='ocrx_word' id='word_1_571' title='bbox 1612 4346 1613 4367; x_wconf 63' lang='grc' dir='ltr'>ι</span> 
     </span>
    </p>
   </div>
   <div class='ocr_carea' id='block_1_10' title="bbox 266 4399 1513 4469">
    <p class='ocr_par' dir='ltr' id='par_1_10' title="bbox 266 4399 1513 4469">
     <span class='ocr_line' id='line_1_50' title="bbox 266 4399 1513 4469; baseline -0.005 -15"><span class='ocrx_word' id='word_1_572' title='bbox 266 4412 379 4455; x_wconf 88' lang='lat' dir='ltr'>nostrum</span> <span class='ocrx_word' id='word_1_573' title='bbox 398 4414 426 4455; x_wconf 90' lang='lat' dir='ltr'>ut</span> <span class='ocrx_word' id='word_1_574' title='bbox 443 4407 507 4456; x_wconf 88' lang='lat' dir='ltr'>Plut.</span> <span class='ocrx_word' id='word_1_575' title='bbox 526 4424 549 4456; x_wconf 89' lang='lat' dir='ltr'>v.</span> <span class='ocrx_word' id='word_1_576' title='bbox 572 4404 617 4467; x_wconf 80' lang='lat'>176</span> <span class='ocrx_word' id='word_1_577' title='bbox 631 4405 758 4469; x_wconf 84' lang='grc' dir='ltr'>Ἀγύρριος</span> <span class='ocrx_word' id='word_1_578' title='bbox 775 4405 795 4454; x_wconf 76' lang='grc' dir='ltr'>δ’</span> <span class='ocrx_word' id='word_1_579' title='bbox 813 4407 867 4467; x_wconf 72' lang='lat' dir='ltr'>clxi</span> <span class='ocrx_word' id='word_1_580' title='bbox 910 4401 1057 4467; x_wconf 90' lang='lat' dir='ltr'>prodidisse.</span> <span class='ocrx_word' id='word_1_581' title='bbox 1091 4400 1202 4448; x_wconf 78' lang='lat' dir='ltr'>Maxime</span> <span class='ocrx_word' id='word_1_582' title='bbox 1223 4399 1301 4450; x_wconf 90' lang='lat' dir='ltr'>homo</span> <span class='ocrx_word' id='word_1_583' title='bbox 1323 4406 1423 4464; x_wconf 82' lang='lat' dir='ltr'>urgetur</span> <span class='ocrx_word' id='word_1_584' title='bbox 1444 4400 1513 4449; x_wconf 86' lang='lat' dir='ltr'>testi·</span> 
     </span>
    </p>
   </div>
   <div class='ocr_carea' id='block_1_11' title="bbox 266 4471 1612 4546">
    <p class='ocr_par' dir='ltr' id='par_1_11' title="bbox 266 4471 1612 4546">
     <span class='ocr_line' id='line_1_51' title="bbox 266 4471 1612 4546; baseline -0.006 -13"><span class='ocrx_word' id='word_1_585' title='bbox 266 4483 307 4533; x_wconf 81' lang='grc' dir='ltr'>διδ</span> <span class='ocrx_word' id='word_1_586' title='bbox 317 4486 402 4532; x_wconf 78' lang='grc' dir='ltr'>τοῦτον</span> <span class='ocrx_word' id='word_1_587' title='bbox 410 4484 461 4544; x_wconf 86' lang='grc' dir='ltr'>(τὸν</span> <span class='ocrx_word' id='word_1_588' title='bbox 471 4485 586 4543; x_wconf 80' lang='grc' dir='ltr'>πλοῦτον)</span> <span class='ocrx_word' id='word_1_589' title='bbox 596 4484 723 4546; x_wconf 81' lang='grc' dir='ltr'>τέρδεται;</span> <span class='ocrx_word' id='word_1_590' title='bbox 740 4483 809 4531; x_wconf 87' lang='lat' dir='ltr'>Eccl.</span> <span class='ocrx_word' id='word_1_591' title='bbox 822 4496 866 4531; x_wconf 80' lang='lat'>102</span> <span class='ocrx_word' id='word_1_592' title='bbox 909 4479 995 4528; x_wconf 89' lang='lat' dir='ltr'>monio</span> <span class='ocrx_word' id='word_1_593' title='bbox 1007 4476 1118 4527; x_wconf 90' lang='lat' dir='ltr'>Cononis</span> <span class='ocrx_word' id='word_1_594' title='bbox 1135 4477 1246 4543; x_wconf 83' lang='lat' dir='ltr'>collegae</span> <span class='ocrx_word' id='word_1_595' title='bbox 1256 4478 1325 4543; x_wconf 84' lang='lat' dir='ltr'>apud</span> <span class='ocrx_word' id='word_1_596' title='bbox 1337 4471 1469 4528; x_wconf 79' lang='lat' dir='ltr'>Dern&#39;os&#39;th.</span> <span class='ocrx_word' id='word_1_597' title='bbox 1483 4478 1514 4526; x_wconf 74' lang='lat' dir='ltr'>dt</span> <span class='ocrx_word' id='word_1_598' title='bbox 1611 4484 1612 4501; x_wconf 66' lang='lat'>¹</span> 
     </span>
    </p>
   </div>
   <div class='ocr_carea' id='block_1_12' title="bbox 856 4578 908 4630">
    <p class='ocr_par' dir='ltr' id='par_1_12' title="bbox 856 4578 908 4630">
     <span class='ocr_line' id='line_1_52' title="bbox 856 4578 908 4630; baseline 0 -1"><span class='ocrx_word' id='word_1_599' title='bbox 856 4578 908 4630; x_wconf 78' lang='lat' dir='ltr'>(780l</span> 
     </span>
    </p>
   </div>
   <div class='ocr_carea' id='block_1_13' title="bbox 0 0 1642 5268">
    <p class='ocr_par' dir='ltr' id='par_1_13' title="bbox 0 0 1642 5268">
     <span class='ocr_line' id='line_1_53' title="bbox 0 0 1642 5268; baseline 0 0"><span class='ocrx_word' id='word_1_600' title='bbox 0 0 1642 5268; x_wconf 95' lang='lat' dir='ltr'> </span> 
     </span>
    </p>
   </div>
  </div>
 </body>
</html>
