3262 5254
250 626 299 690 43⁶
308 640 331 678 r.
368 627 453 677 Etiam
466 625 622 690 Hermippus
633 625 742 690 primum
753 624 855 675 licentia

250 723 309 756 usus
319 704 473 755 convitiandi
481 704 597 753 omnibus
606 719 669 767 quos
681 703 762 767 plebis
773 704 855 768 suspi-

250 784 334 833 ciones
356 783 512 847 premebant,
531 781 623 831 deinde
645 781 701 844 lege
723 783 854 841 coercitus,

250 862 310 912 odio
324 870 349 911 et
367 862 404 911 ira
418 861 445 909 in
463 857 592 909 audiorem
612 858 732 908 Periclem
749 858 853 907 maledi-

251 939 347 989 centiae
362 938 413 988 tela
429 937 543 987 coniecit.
581 936 642 985 Odii
658 936 773 986 acerrimi
789 936 853 993 indi7

921 621 969 667 cira
977 626 1028 674 Περ
1035 620 1211 674 ικλέηε-αθτδτ
1224 622 1322 674 ἐξέφλεξε
1329 622 1367 672 τὴν
1376 622 1441 664 πόλιν
1488 644 1494 650 ·

921 686 1018 738 ὶμβολών
1027 687 1132 739 σπινθῆρα
1139 687 1215 739 μικρὸν
1224 688 1346 738 Μεγαρικοῦ
1356 686 1505 740 ψηφίσματος,

918 750 1068 803 κοΐξεῴύσησεν
1076 752 1180 792 τοσοῦτον
1188 751 1281 802 πόλεμον
1289 747 1345 792 ὥστε
1353 751 1384 802 τῷ
1393 750 1465 802 καπνῷ

921 813 1000 858 πάντας
1012 811 1118 865 Ἕλληνας
1136 813 1240 865 δακρῦσαι
1257 815 1305 858 τούς
1321 813 1340 855 τ’
1356 813 1403 854 έκεῖ
1417 814 1467 857 τούς
1484 811 1503 854 τ’

1367 879 1447 921 boote

895 958 1074 1023 Eloquentiam
1085 959 1138 1009 eius
1153 962 1189 1008 ita
1199 959 1338 1023 descripsit,
1353 966 1381 1008 ut
1398 957 1503 1022 plurimi

251 1020 319 1066 ‘lum
338 1016 461 1065 memus
483 1017 513 1064 ln
531 1023 690 1064 ³⁰⁰u⁵²t¹⁰¹¹²
707 1018 855 1078 ¹¹¹¹Pl⁰tal¹st
896 1044 1008 1085 veterum
1024 1037 1078 1086 eius
1095 1037 1178 1085 verbis
1195 1045 1323 1085 uterentur
1342 1039 1386 1099 qui
1409 1036 1505 1100 primas

251 1111 302 1182 Ψ
313 1093 447 1157 Aspaslam
459 1109 485 1141 ²¹¹
497 1092 583 1142 salutis
594 1092 726 1181 disffimefl
738 1091 855 1180 adduffih·
894 1113 917 1161 ei
936 1114 990 1163 sine
1010 1114 1167 1163 dubitatione
1189 1114 1344 1171 deserebant,
1364 1114 1432 1162 Ach.
1455 1125 1501 1174 531

251 1179 279 1220 ut
290 1175 398 1220 invisum
410 1171 557 1221 Perrclem
569 1179 646 1220 atroci
662 1170 749 1219 dolore
760 1186 852 1218 crucra·
895 1200 971 1256 seqq.¹
985 1206 991 1215 .
1020 1202 1023 1207 ι

252 1257 297 1298 ret.
331 1248 464 1309 'Aeraria
478 1249 512 1298 ait
530 1247 677 1297 Plutarchus
692 1249 711 1296 l.
720 1264 740 1297 c.
755 1263 775 1296 c.
790 1259 853 1295 xxti
919 1263 1356 1321 rmsswsmumqumspsm,
1381 1281 1386 1289 -

252 1329 320 1388 &aar
329 1331 430 1389 ἔφευγεν
437 1328 556 1389 δυεβεέας,
564 1328 704 1389 Ἑρμίππου
716 1325 760 1375 τοῦ
772 1342 853 1386 ww·
918 1328 1020 1382 ἤστραπτ’
1029 1332 1118 1384 ἐβρόντα
1126 1332 1228 1382 ξυνεκύκα
1236 1330 1275 1383 τὴν
1286 1331 1381 1372 Ἐλλάδα
1388 1334 1437 1374 κτλ.

252 1405 350 1455 lovanii
360 1408 482 1455 διώκοντος
494 1408 533 1454 καὶ
546 1404 808 1467 προσκατηγοροῦντος,
823 1405 854 1452 ὡς
897 1425 947 1473 qno
975 1409 1032 1458 loco
1059 1409 1168 1473 privatas
1197 1409 1271 1458 fuisse
1300 1409 1417 1458 Pericli
1446 1424 1503 1457 cum

252 1484 394 1546 Περικλεῖ
414 1485 528 1546 γυναῖκας
548 1483 674 1544 ἐλευθέρας
694 1483 726 1531 dr
746 1484 774 1530 τδ
794 1483 854 1529 αὐτὸ
895 1488 1085 1550 Megarensibus
1107 1486 1250 1535 inimicitias
1273 1486 1414 1549 significare
1434 1486 1503 1535 vide·

252 1563 374 1621 φοιτώσας
386 1561 543 1621 ὑποδέχοιτοι
555 1575 585 1608 ex
596 1575 648 1623 quo
660 1574 727 1607 novo
739 1560 850 1618 crimine,
894 1571 940 1623 tur,
955 1572 1059 1629 propter
1069 1579 1131 1627 quas
1148 1563 1327 1628 populiscitum
1338 1564 1402 1613 illud
1415 1572 1504 1612 contra

251 1638 320 1702 quod
336 1639 390 1688 sine
409 1654 496 1687 caussa
511 1637 617 1697 addidit,
638 1636 776 1685 luculenter
794 1651 853 1684 con·
894 1643 1055 1705 Megarenses
1078 1641 1161 1689 tulerit
1183 1641 1235 1703 (cfr,
1260 1641 1386 1690 Plutarch
1410 1642 1506 1690 Perat*

250 1723 307 1775 stat,
322 1716 460 1778 peruroris
476 1714 542 1763 latus
559 1716 611 1778 peti
623 1714 704 1763 virum
722 1715 848 1771 eximium,
894 1732 933 1779 30,
948 1719 1028 1768 Thus,
1047 1717 1109 1779 167,
1128 1733 1181 1783 139,
1202 1718 1307 1767 Diodor,
1324 1719 1374 1767 Sic.
1391 1718 1500 1784 χιι-39).

251 1794 293 1857 qui
310 1794 398 1841 harum
415 1793 526 1841 sordium
542 1808 558 1840 a
577 1791 668 1856 quibus
686 1792 794 1839 maxime
809 1789 853 1837 ab·
895 1797 1043 1860 Cognomeu
1055 1798 1111 1845 Ζεὺς
1129 1797 1289 1855 οὑλύμπιος
1300 1813 1351 1845 non
1364 1801 1462 1861 primus
1479 1797 1502 1846 ei

249 1871 367 1920 horrebat
378 1870 477 1919 nonnisi
493 1869 639 1933 plebeculae
651 1867 790 1916 rumoribus
807 1883 853 1930 po·
894 1875 963 1923 dedit
975 1874 1159 1937 Aristophanes
1177 1875 1222 1923 sed
1234 1875 1311 1938 vulgo
1330 1878 1383 1924 ism
1400 1891 1505 1939 usurps.

251 1956 314 1998 terat
325 1948 469 1996 insimulari·
498 1947 582 1995 Huius
594 1953 678 1995 aulem
689 1946 780 1994 fltfflcis
791 1946 851 2005 Odiis
893 1960 947 2002 turn
959 1954 984 2000 in
996 1952 1117 2000 invidiam
1130 1953 1253 2001 traduxit:
1272 1961 1405 2016 acceperat
1417 1962 1502 2003 autem

251 2040 302 2089 quo
330 2025 449 2073 Comicus
485 2024 616 2087 flagrabat,
645 2022 766 2086 Oslglssem
802 2037 854 2069 1¹0ss
893 2031 1029 2080 secuudum
1040 2030 1200 2079 Plutarchum
1208 2031 1327 2079 Pericl.c.
1341 2032 1503 2095 8propterea

251 2102 352 2153 aliunde
375 2102 464 2152 melius
486 2109 598 2165 repetere
620 2101 708 2163 possis,
730 2116 806 2164 quam
823 2116 870 2148 exv
893 2110 961 2172 quod
979 2108 1066 2156 urbem
1085 2108 1153 2171 regia
1166 2106 1351 2170 magnificentia
1368 2118 1503 2159 ornaverat

251 2179 377 2231 simultate
399 2180 433 2228 ob
455 2179 581 2229 licentiam
607 2193 692 2227 severe
716 2193 853 2240 repressam
893 2195 917 2235 et
935 2194 1038 2250 propter
1049 2201 1173 2234 summam
1185 2186 1210 2233 in
1224 2185 1325 2235 civitate
1342 2191 1501 2249 potentiam:

213 2258 216 2265 '
250 2265 372 2322 suscepta.
386 2266 496 2307 ‘COBET·
510 2258 528 2305 l·
536 2272 555 2304 c·
568 2271 592 2319 P·
609 2253 718 2318 16⁵0qq·
893 2280 992 2312 caussas
1020 2272 1149 2328 praeterea
1175 2263 1281 2312 afferunt
1309 2265 1502 2327 sapientiam

300 2336 355 2383 Iam
367 2334 544 2398 Aristophanis
559 2332 761 2397 qualefueritde
774 2332 852 2379 Peri·
894 2344 1021 2393 plutarch,
1033 2359 1096 2392 mm,
1112 2344 1195 2405 Apoll,
1210 2358 1235 2406 p,
1251 2344 1297 2390 118
1310 2355 1334 2402 E,
1355 2343 1501 2408 eloquen.

250 2413 519 2485 eleiudicium›pauca
535 2417 631 2460 tanturn
650 2416 735 2458 extant
751 2409 851 2458 indicia.
892 2422 955 2471 tiae
982 2421 1042 2469 sim
1065 2421 1180 2484 Diodor,
1198 2420 1248 2469 stc,
1273 2432 1315 2468 xtt
1340 2436 1380 2481 40,
1409 2424 1501 2470 animi

250 2492 406 2555 Acprirnum
417 2490 519 2554 quidem
533 2489 655 2538 Cleonem
667 2503 723 2536 curn
736 2486 853 2536 Pericle
893 2499 1229 2548 ,oburvdesMfflm
1256 2496 1501 2548 Restiushaecom.

250 2569 356 2619 ⁰0¹¹sel'fl
376 2583 426 2616 ¹²0ss
446 2583 519 2632 P0⁵⁵e
539 2566 583 2615 sed
602 2581 633 2615 ‘⁰
652 2565 727 2629 l⁰nge
745 2580 799 2614 0⁵⁸⁶
816 2567 853 2611 ln·
893 2578 934 2626 nia
945 2575 1078 2626 coniundta
1089 2575 1195 2625 valuisse
1207 2576 1276 2624 dicas
1293 2592 1351 2625 cum
1367 2577 1501 2626 Meinekio

250 2646 366 2696 seriorem
378 2652 464 2709 aperte
481 2643 611 2709 profitetur
623 2644 670 2708 Eq.
687 2645 732 2692 282
745 2658 800 2707 sqq.
813 2642 852 2690 his
884 2655 926 2718 fr,
944 2670 1003 2703 mm,
1027 2666 1048 2702 11
1067 2670 1092 2718 p,
1114 2652 1169 2714 3⁶7·
1206 2653 1281 2702 cons,
1302 2654 1437 2702 Cratinum
1456 2655 1501 2702 ubi

250 2724 332 2775 uerbis
343 2727 375 2775 de
387 2725 483 2775 Cleone
494 2719 569 2771 dictis

275 2825 346 2878 'W
355 2822 586 2878 &usurpatum
594 2820 629 2873 ἅμ’
641 2816 749 2874 dimam
757 2822 825 2873 κρέας,

275 2891 410 2941 καὶτέμοχος
417 2888 443 2930 οδ
453 2889 597 2940 Περικλέης
608 2885 647 2928 οὐκ
655 2884 731 2938 ἠξιώθη
740 2884 828 2928 πώποτε.

253 2971 304 3036 'Sed
320 2982 403 3051 ipsum
421 2983 572 3033 Periclem
586 2983 640 3032 aliis
656 2981 791 3047 postponit,
809 2982 851 3045 qui

251 3074 295 3115 aut
317 3075 391 3114 antea
413 3065 533 3124 vixerunt,
559 3069 601 3110 aut
628 3068 708 3110 aetate
735 3059 778 3108 illa
800 3062 852 3108 eius

249 3142 383 3191 adversarii
395 3142 500 3189 inerant.
535 3139 604 3186 Nam
622 3153 677 3186 cum
692 3137 772 3185 invisa
787 3142 852 3184 esset

250 3219 414 3284 Aristophani
437 3219 543 3266 civitatis
571 3216 761 3273 administratio,
788 3229 852 3277 quae

249 3299 370 3362 pecuniae
376 3297 487 3359 lucrique
495 3309 606 3342 amorem
615 3296 704 3341 animis
713 3290 853 3351 instillaret,

251 3375 411 3438 Myronidem
433 3373 550 3430 laudavit,
577 3370 615 3418 cui
634 3385 684 3417 non
703 3369 851 3433 posteriores

249 3452 325 3500 modo
345 3451 389 3500 sed
412 3448 560 3498 Periclem
578 3446 661 3510 ipsum
684 3445 752 3493 haud
775 3445 851 3494 dubie

893 2752 976 2800 supra.
1022 2737 1140 2786 Ceterum
1157 2736 1209 2785 noti
1228 2742 1286 2784 sunt
1305 2736 1441 2799 Eupolidis
1468 2737 1501 2785 de
1593 2736 1595 2739 ’

893 2814 938 2862 viri
950 2814 1041 2862 summi
1053 2814 1195 2879 eloquentia
1212 2829 1297 2862 versus
1316 2813 1418 2875 (Δήμοις
1429 2814 1457 2862 fr.
1470 2826 1500 2862 Vl

894 2892 1005 2942 Meinek.
1020 2903 1041 2940 11
1054 2907 1078 2955 p.
1092 2892 1166 2954 458):

943 2980 1054 3030 κράτιστος
1062 2980 1123 3025 οὗτος
1131 2979 1206 3032 ἒγέυετ’
1214 2979 1329 3031 ἅνθρόπεον
1337 2983 1418 3033 λέγειν·

941 3046 1004 3087 ὁπότε
1012 3048 1113 3097 παρέλθοι
1121 3046 1146 3094 δ’,
1154 3043 1225 3097 ὥσπερ
1234 3044 1309 3098 ἀγαθοὶ
1317 3045 1397 3096 δρομῆς

943 3109 966 3150 ἐκ
975 3110 1025 3150 δέκα
1033 3110 1100 3150 ποδοῖν
1108 3107 1154 3161 ᾔρει
1162 3110 1230 3160 λέγων
1238 3109 1286 3152 τοὺς
1293 3107 1391 3160 ῥήτορας.

905 3174 929 3212 B.
942 3171 1009 3223 ταχὺν
1016 3173 1084 3223 λέγεις
1092 3172 1138 3222 μέν,
1148 3172 1200 3222 πρδς
1208 3172 1231 3211 δι’
1238 3171 1257 3224 γ’
1266 3171 1330 3211 αὐτοῦ
1339 3187 1369 3223 τερ
1378 3171 1440 3224 τάχει

943 3234 1007 3276 πειθώ
1017 3251 1049 3279 τις
1057 3234 1178 3286 ἕπεκιίθιζεν
1186 3234 1221 3276 ἐπὶ
1229 3235 1272 3279 τοῖς
1281 3235 1387 3286 χείλεσιν.

942 3300 1008 3344 οὕτως
1016 3298 1095 3351 ludher,
1105 3299 1141 3340 καὶ
1151 3299 1214 3349 μόνος
1222 3299 1263 3340 τῶν
1271 3298 1364 3351 ῥητόρων

942 3366 967 3406 πδ
975 3366 1060 3416 κέντρον
1068 3363 1191 3416 ἐγκατέλιπε
1199 3362 1242 3407 ταῖς
1250 3363 1402 3414 οἷκροωμένοιςδ

890 3447 952 3495 ι’θττδ
963 3448 1013 3509 γὰρ
1021 3447 1088 3507 ἡμῶν
1100 3444 1211 3509 (Εὔβοια)
1221 3446 1350 3508 παρετάθη
1362 3450 1500 3508 (extensa

249 3527 374 3592 opposuit,
389 3526 485 3575 Eccles.
501 3537 553 3586 303,
568 3523 627 3586 Lys.
639 3522 695 3570 801.
718 3522 753 3570 Ut
766 3529 850 3570 autern
893 3532 936 3573 est
948 3531 977 3573 et
988 3531 1145 3588 prostrata
1156 3524 1210 3573 h.e.
1224 3522 1326 3573 devicta
1337 3534 1362 3573 et
1374 3523 1498 3586 subiedta)

250 3605 410 3668 Myronidem
436 3601 595 3667 praedicavit,
622 3601 658 3649 ita
683 3600 851 3648 adversarium
893 3602 933 3649 rol
950 3603 1128 3664 Περικλέους
1145 3602 1214 3650 Nub.
1228 3616 1275 3663 213
1289 3602 1355 3663 (vide
1368 3602 1498 3651 Plutarch.

250 3683 380 3732 Periclis
402 3680 576 3743 Thucydidem
598 3678 683 3742 magni
710 3678 850 3727 aestimavit
892 3678 909 3727 l.
924 3679 941 3725 l.
960 3694 980 3727 c.
1002 3693 1040 3739 ορ,
1058 3677 1171 3741 Thucyd.
1193 3690 1203 3725 1
1224 3680 1294 3738 114);
1313 3678 1398 3740 ὥσπερ
1416 3680 1500 3739 Περι·

247 3778 278 3810 ac
289 3764 342 3810 sine
353 3760 430 3809 dubio
442 3762 477 3807 ita
494 3758 591 3827 locutus
603 3771 661 3809 etim
677 3755 814 3804 reverentia
825 3762 850 3803 et
893 3756 980 3813 κλέης
998 3757 1022 3803 ές
1041 3757 1070 3803 rb
1089 3757 1141 3803 δέον
1158 3756 1276 3803 ἀπώλεσα
1294 3754 1363 3803 Nub.
1376 3755 1427 3819 859
1445 3755 1499 3817 (ubi

247 3840 420 3896 admiratione,
440 3852 490 3901 qua
507 3836 574 3884 hunc
593 3836 672 3883 virum
689 3833 850 3897 adspiciebat,
892 3832 1021 3880 ridiculum
1040 3839 1077 3881 est
1094 3849 1125 3881 ex
1141 3833 1278 3896 inopinato,
1294 3847 1352 3880 cum
1369 3833 1499 3882 debuisset

247 3934 319 3968 suam
330 3917 403 3966 simul
415 3917 447 3964 de
456 3913 575 3964 Pericle
586 3913 734 3961 sententiam
744 3912 847 3975 aperuit,
891 3910 974 3958 dicere
982 3912 1107 3969 ἀνήλωκας
1118 3909 1251 3959 Pericles
1263 3917 1347 3957 autem
1357 3910 1399 3958 Ol
1411 3910 1499 3958 lxxxiii

248 3997 312 4045 Ach.
326 3997 373 4057 708
382 4011 445 4060 sqq,
458 3993 534 4056 Vesp.
547 4003 602 4056 947,
614 3991 662 4054 Eq.
674 3992 714 4051 84,
724 3990 780 4050 815,
793 3990 848 4037 881.
891 4004 907 4046 4
925 4003 947 4035 a.
963 3987 1023 4036 Chr.
1044 3995 1094 4036 nat.
1110 3999 1156 4049 445
1179 3985 1372 4035 Plistoanadlem
1393 3988 1499 4051 eiusque

249 4074 368 4121 Similiter
379 4073 412 4120 ad
424 4070 552 4119 Aristiden
568 4075 686 4132 provocat
704 4075 729 4115 et
741 4068 774 4114 ad
791 4065 852 4114 Milo
892 4065 1059 4113 consiliarium
1069 4065 1240 4113 Aeandridem
1248 4066 1389 4126 διαφθείρας
1400 4066 1500 4130 ἔπεισεν

247 4152 332 4199 tiaden
343 4153 410 4199 viros
427 4149 573 4198 fortissimos
585 4161 693 4211 suaeque
705 4145 761 4193 urbi
772 4144 850 4193 utilis·
891 4144 918 4190 ἐκ
930 4144 973 4202 τῆς
986 4141 1102 4202 ’λττικῆς
1112 4144 1251 4204 ἀπαγαγεῖν
1268 4144 1323 4190 τοὺς
1340 4143 1499 4200 Πελοποννη-

248 4229 331 4277 simos.
366 4229 442 4290 Quod
460 4229 492 4276 de
509 4227 577 4276 bello
597 4224 808 4288 Peloponnesiaco
825 4230 850 4272 et
891 4222 1032 4270 σέουι...τοῦ
1043 4222 1069 4269 δὲ
1080 4221 1259 4283 Περικλέους
1275 4222 1301 4267 ἐν
1316 4221 1353 4279 τῷ
1364 4222 1410 4279 τῆς
1422 4237 1498 4282 στρα-

251 4306 366 4354 Pericle
385 4305 446 4354 belli
464 4302 567 4369 audlore
584 4298 674 4365 (Thoe.
689 4313 698 4351 1
715 4302 769 4361 127)
786 4300 849 4348 iudi·
891 4298 978 4358 τηγίας
989 4298 1151 4358 ἀπολογισμῷ
1167 4299 1225 4346 δέκα
1236 4294 1365 4344 ταλάντων
1377 4297 1499 4354 ἀνάλωμα

242 4384 314 4430 'cavit
326 4382 365 4430 his
376 4383 533 4445 potissimum
549 4396 580 4429 ex
595 4379 705 4429 versibus
721 4375 847 4437 discimus,
890 4375 1039 4437 γράψαντος,
1054 4376 1211 4434 ἀνηλωμένων
1225 4374 1259 4421 elr
1275 4374 1304 4421 τδ
1321 4374 1381 4433 δέον,
1399 4374 1499 4433 ὀδῆμοτ

250 4461 308 4508 Pac.
321 4457 463 4508 ooo-ou:
527 4482 531 4490 ι
891 4455 1032 4514 ἀπεδέξατο,
1046 4454 1081 4512 μὴ
1098 4452 1336 4515 πολυπραγμονήσας
1351 4451 1409 4510 μηδ’
1424 4454 1498 4512 έλέγ·

842 4551 894 4604 (910)
