3276 5268
489 455 1033 563 Θούμαντικῇ--Θρασύβουλος

136 629 239 679 ualebat
251 632 278 679 in
289 636 376 681 senatu
387 635 412 683 et
424 629 544 681 concione
552 629 744 695 quaminbello
783 630 860 695 Vesp.
877 645 947 693 1302,
961 635 1005 696 qui
1021 636 1107 683 omnes
1123 632 1227 703 laudaut
1243 631 1386 683 Philoclem
1454 688 1459 699 ,

138 715 164 756 et
187 709 332 772 eloquentia
353 725 368 758 a
387 708 442 758 solo
465 708 560 757 Pericle
582 707 745 773 superabatur
781 709 1013 773 nemLysistratum
1021 717 1169 774 carpentem,
1178 708 1277 761 οδτοςδὲ
1288 712 1381 768 διεμύλι
1447 754 1450 763 .

93 788 107 811 ’
140 785 277 846 (Plutarch.
289 787 377 837 Pericl.
390 801 411 839 c.
427 786 449 846 8,
463 785 542 835 Grote
553 787 570 836 ί.
580 786 598 837 Ι.
612 784 659 848 3a6
669 784 742 850 sqq).
781 787 1027 847 λαινινὼςδὴδιξιός.
1048 789 1115 837 Turn
1125 788 1383 839 senexeumvicissim

138 865 214 915 Duae
225 864 384 928 potissimum
398 872 468 917 erant
479 880 518 915 res
529 863 561 916 de
572 864 662 929 quihus
673 864 743 915 dissi·
781 865 924 929 perstringit
937 873 965 915 ut
980 867 1098 929 κομιδντα,
1113 866 1213 929 κομψόν,
1228 866 1383 925 adulatorem

139 943 236 995 debant
249 943 445 1007 Thucydides
456 950 482 993 et
493 942 616 1001 Pericles}
633 942 744 993 illienim
782 942 888 991 divitum

139 1038 287 1086 persuasum
298 1029 350 1073 erat
361 1022 569 1086 perseverandum
578 1022 665 1071 essein
676 1021 744 1071 bello
832 1014 940 1084 Θρᾴκηι
961 1020 1053 1069 νεανίαι
1072 1021 1128 1069 πούς
1145 1021 1189 1079 μέν
1206 1021 1247 1069 lei
1266 1019 1384 1083 θράκηι

140 1108 229 1153 contra
241 1101 328 1151 Persas
341 1107 465 1165 suscepto,
479 1116 560 1165 neque
577 1101 667 1149 Pericli
683 1116 744 1164 opes
781 1098 985 1159 μισθοφοροῦντας
1001 1098 1066 1147 Aah.
1088 1096 1135 1148 (roa
1154 1099 1206 1161 (ubi
1223 1099 1297 1149 docet
1313 1100 1383 1149 scho·

140 1179 175 1227 ad
186 1178 311 1231 ornandas
323 1178 437 1230 Athenas
449 1178 604 1242 praebendas
615 1177 743 1240 esse(Plu·
782 1173 855 1224 liasta
866 1182 923 1238 post
935 1175 1048 1224 Plataeas
1061 1183 1146 1240 captas
1159 1178 1194 1238 (Α.
1203 1188 1228 1225 c.
1241 1177 1299 1240 431)
1317 1178 1384 1243 lega·

139 1256 220 1305 tarch.
243 1257 291 1307 ἀι,
321 1256 368 1319 14).
405 1256 534 1307 Postremo
557 1256 664 1307 Pericles
686 1272 744 1305 eum
783 1259 822 1301 tos
844 1253 877 1302 ab
899 1253 1095 1304 Atheniensibus
1113 1255 1146 1303 ad
1168 1255 1278 1307 Thraces
1295 1256 1385 1307 missos

139 1335 268 1398 superavit
290 1341 316 1386 et
334 1350 385 1384 uno
402 1334 454 1385 sere
470 1349 537 1385 anno
559 1341 616 1397 post
636 1334 744 1385 indutias
783 1345 844 1390 esse,
864 1330 1076 1395 Thucyd.117);
1101 1332 1160 1393 ἀνὴρ
1176 1334 1257 1394 παχύς
1279 1331 1384 1395 (dives)

140 1412 245 1474 triginta
257 1428 379 1462 annorum
395 1410 427 1474 (a.
442 1429 490 1473 444
506 1421 563 1463 ante
575 1412 648 1473 Chr.)
659 1428 674 1461 e
685 1412 743 1461 civi·
782 1407 837 1466 ticet
847 1409 895 1455 τιῖν
906 1404 1041 1470 προδόντων
1051 1410 1113 1457 τάπί
1124 1408 1235 1471 θρᾴκης
1246 1411 1323 1475 Vesp.
1336 1412 1384 1462 28⁸

140 1495 194 1543 tate
212 1493 284 1540 eiecit
300 1490 434 1552 (Plutarch.
447 1492 492 1540 ἀι.
511 1505 540 1548 14
556 1491 626 1539 τέλος
643 1490 669 1540 δέ
685 1490 744 1551 τρδς
784 1485 858 1546 (cons.
868 1486 925 1537 Pac.
936 1483 984 1546 640
995 1485 1039 1535 ubi
1050 1488 1144 1548 φρονεῖν
1154 1489 1187 1535 τα
1197 1489 1306 1549 Βρασίδα
1317 1488 1384 1537 idem

140 1567 374 1628 τόνθουκυδίόην
391 1570 423 1619 τίς
441 1569 523 1630 ἀγῶνα
534 1569 589 1629 περί
604 1568 743 1628 τούόστρά·
782 1564 869 1628 valet).
911 1565 1071 1614 Atheniensis
1088 1580 1189 1630 pugnax
1205 1567 1231 1615 in
1250 1567 1384 1619 Thraciam

140 1661 185 1695 κου
196 1647 321 1697 καταστάς
337 1647 377 1697 καί
393 1647 581 1697 διακινδυνεύσας
598 1646 686 1695 έκεῖνον
700 1645 744 1703 μδν
783 1643 883 1692 avolare
899 1643 997 1693 iubetur
1016 1644 1083 1707 (vide
1099 1644 1212 1708 Thucyd.
1234 1657 1276 1694 v11
1295 1644 1330 1710 9),
1352 1646 1385 1696 είς

140 1722 246 1785 ἐξέβαλε
273 1726 392 1775 κατέλυσε
419 1725 445 1774 dl
472 1725 518 1783 τὴν
542 1723 744 1784 ἀποτεταγμένην
783 1723 842 1770 τάπὶ
860 1719 976 1784 θρᾴκητ
996 1722 1122 1771 ἀποπέτου
1143 1724 1191 1771 Au.
1215 1737 1277 1787 1309
1284 1739 1291 1782 ;
1314 1723 1385 1782 ούμός

140 1800 279 1862 ἑταιρείαν).
314 1802 531 1853 Commemoratur
547 1801 624 1864 Vesp.
637 1812 684 1865 947
700 1799 743 1850 ubi
783 1800 927 1861 ἀνὴρπίνπε
942 1801 1018 1859 μῆνας
1035 1801 1138 1851 ἀπεστιν
1149 1802 1191 1849 έπί
1207 1799 1322 1863 θρᾴκης
1338 1806 1383 1861 φυ-

140 1877 233 1926 dicitur
244 1879 341 1940 φεύγων
350 1878 428 1942 (dum
439 1893 520 1928 suam
532 1878 597 1942 ipse
609 1893 743 1927 caussam
782 1878 880 1926 λάττων
890 1879 1004 1939 Εὐκράτη
1016 1880 1074 1943 Lys.
1091 1894 1150 1939 1023
1168 1881 1194 1928 έν
1204 1880 1304 1943 θρᾴκῃ
1315 1879 1381 1931 Ach.

140 1940 330 2017 defenderet)
340 1956 496 2015 ἀπόπληκτοι
508 1956 620 2016 ἐξαίφνης
630 1956 743 2017 γινέσθαι
785 1954 846 2018 1363
868 1957 983 2018 κατένιφς
1003 1956 1026 2020 (ό
1044 1956 1106 2021 θεδτ)
1126 1958 1189 2019 χιόνι
1207 1960 1252 2018 τὴν
1269 1956 1386 2022 θρακην

140 2034 187 2083 τάς
204 2034 313 2095 γνάθους,
330 2049 482 2103 quamquam
504 2033 540 2085 ibi
557 2032 631 2097 vulgo
646 2034 743 2094 φεύγων
782 2035 841 2093 όλην
852 2033 917 2085 Aeh.
934 2034 979 2097 138

139 2111 174 2160 de
192 2111 461 2175 ex1lrorntelleg1tur
495 2111 591 2164 Rursus
609 2110 674 2161 Λαίς.
695 2122 742 2173 703
832 2108 1035 2176 Θρακοφοίτηςι
1068 2112 1186 2178 legatus
1220 2115 1257 2163 ad
1292 2114 1384 2165 Thra·
1450 2128 1455 2141 ¹

141 2187 180 2249 τῷ
195 2190 245 2251 γάρ
256 2191 316 2239 είκδτ
330 2190 403 2252 ἀνδρά
420 2190 496 2250 κυφδν
511 2189 594 2248 ἡλίκον
610 2187 742 2239 Θουκυδί·
783 2187 874 2238 ciam:
891 2190 975 2252 ιόσπερ
995 2192 1199 2254 θρακοφοῖται
1219 2193 1337 2257 Gerytad.
1353 2193 1382 2245 sr.

141 2266 201 2325 δην,
216 2267 341 2326 ἐξολέσθαι
354 2268 527 2326 συμπλακέντα
543 2268 606 2328 παῖδε
617 2284 650 2328 τερ
639 2267 743 2326 Κηφι·
784 2275 828 2314 lv.
843 2278 855 2326 7

141 2344 248 2404 σοδήμιρ,
253 2361 288 2404 τω
278 2345 364 2404 λάλῳ
370 2344 499 2405 ξυνηγόρῳ,
505 2345 571 2403 όςμά
578 2340 743 2405 πηνάήμητρ
833 2341 918 2408 Θραξ.
936 2346 1015 2407 ἔτερος
1030 2344 1050 2395 δ
1066 2348 1096 2396 αδ
1110 2345 1190 2409 θραξ
1207 2350 1301 2408 πέλτην
1315 2348 1385 2401 reim

140 2420 743 2486 ἐκεῖνοςἡνίκήνθουκυδίδητίίΗοίειαροεε
785 2422 908 2471 κάκόντιον
928 2424 1064 2472 ἐδεδίσκετο
1089 2426 1135 2483 τὴν
1156 2427 1323 2486 ἰσχαδόπωλιν
1345 2428 1385 2479 καί

141 2515 201 2563 quo
223 2499 418 2562 Thucydides
443 2516 513 2550 vere
535 2507 599 2551 erat
626 2500 742 2561 Thucy·
784 2501 828 2548 τὰς
845 2501 973 2562 δρυπέπεις
990 2501 1085 2562 (sicus)
1104 2503 1232 2551 κατέπινεν
1248 2503 1384 2567 Lys.563;

140 2575 238 2640 dides)
256 2579 435 2629 κατεπάλαισεν
449 2578 478 2629 δν
489 2578 611 2629 northon
623 2578 693 2637 δέκα;
712 2591 743 2627 ex
785 2579 808 2625 οί
818 2577 928 2640 θρᾷκες
939 2579 975 2625 ίτε
986 2576 1049 2640 δεῦρ’
1061 2577 1101 2627 οὓς
1109 2579 1202 2640 θέωρος
1212 2582 1307 2642 ἤγαγεν
1317 2582 1383 2631 Ach.

140 2671 192 2719 quo
203 2655 261 2705 loco
271 2655 389 2707 discimus
400 2672 465 2717 eum,
479 2656 592 2707 Athenas
606 2670 738 2714 reversum,
787 2666 847 2715 1555
870 2657 910 2704 καί
929 2657 969 2703 νῦν
987 2654 1114 2718 (προσίτω)
1134 2657 1194 2718 όπερ
1212 2660 1386 2719 μαχιμώτατον

38 2782 46 2793 ,
140 2747 228 2781 senem
250 2749 333 2785 rursus
354 2736 381 2785 in
402 2734 521 2786 iudicium
543 2741 659 2785 vocatum
681 2748 741 2785 esse.
784 2732 904 2793 θροκῶν
921 2733 985 2783 ἀθνῠδ
1002 2734 1110 2795 ἔπεμψέν
1126 2733 1179 2792 ὑμῖν
1195 2734 1319 2798 Ach.155
1338 2737 1383 2797 (⁵⁰0

140 2809 208 2860 Vide
220 2811 304 2875 Bergk
319 2813 410 2863 Comm.
422 2829 446 2877 p.
461 2811 494 2863 60
786 2810 952 2871 Odomanti);
974 2812 1050 2859 ποιεῖν
1072 2812 1201 2870 ἐκκλησίαν
1221 2815 1273 2864 τοΐς
1294 2815 1384 2876 θραξί

190 2885 354 2954 Θοίμαντιτι
372 2905 468 2954 pauper
489 2896 514 2941 et
528 2889 659 2949 fatidicum
681 2887 742 2948 μηδέ
785 2888 840 2949 περί
850 2882 1011 2946 μισθοῢΑεΙι.
1024 2899 1083 2949 ι7ο;
1094 2889 1385 2952 πούςθρακαςάπιέναι

140 2967 308 3026 θούμανπιν
319 2970 361 3018 τδν
372 2969 479 3020 ἀνέστιον
491 2969 577 3017 λυπεῖν
587 2968 675 3028 δκούση
686 2983 741 3028 καρ·
784 2966 939 3030 ίάναγοριύω)
952 2967 1061 3028 παρεῖναι
1078 2967 1098 3014 δ’
1111 2969 1142 3016 είς
1152 2969 1206 3028 ένην
1218 2968 1243 3032 (i
1254 2985 1276 3018 e.
1290 2970 1322 3018 είς
1336 2971 1384 3032 τρί-

139 3045 188 3106 δία·
198 3044 377 3107 καίγάρουτοτ,
385 3043 467 3106 ωφίλ’
473 3043 605 3106 ’,Δπολλον
616 3045 741 3106 ἀείπεινῇ,
783 3044 838 3107 την)
857 3044 921 3094 Ach.
945 3055 990 3106 173

140 3124 395 3186 θαλεροῖςδακρύοισιν
411 3124 455 3175 οθις
473 3123 605 3182 ἀπτόμενος
621 3123 742 3184 φαρεπρθι
834 3120 958 3188 Θρᾷτται
991 3138 1084 3173 nomen
1111 3124 1216 3174 ancillae
1243 3124 1276 3175 de
1302 3127 1385 3190 patria

138 3202 236 3250 Πυθῶνι
248 3203 287 3262 δία
297 3203 331 3261 μὴ
343 3203 420 3253 κακῶς
431 3203 545 3251 πένεσθαι
555 3201 604 3265 Εα,
616 3198 677 3261 ιο67
686 3215 741 3264 sqq.
785 3202 930 3251 Thracia:
948 3202 964 3261 η
980 3202 1099 3263 θραττα
1116 3205 1291 3264 προσκαύσασα
1302 3204 1386 3267 πρῴην

139 3280 193 3341 (ubi
211 3280 288 3330 schol.
310 3282 347 3330 δεῖ
364 3282 411 3340 σύν,
433 3280 502 3342 φησί,
520 3279 575 3329 τούς
593 3280 638 3338 μέν
654 3280 745 3327 ίππέας
786 3281 831 3339 τὴν
852 3281 945 3341 χύτραν
966 3279 1043 3343 Vesp.
1066 3280 1385 3345 &squalentemque

138 3358 252 3418 ἐπαινεῖν,
267 3359 365 3411 ἐκείνους
381 3359 408 3407 δὲ
418 3359 472 3408 τούς
484 3359 589 3417 πένητας
598 3358 632 3416 μὴ
644 3357 743 3418 δισβάλ-
786 3357 854 3406 aliud
866 3359 927 3422 quid
938 3359 1006 3422 quod
1017 3359 1043 3406 in
1051 3358 1103 3407 olla
1111 3366 1256 3423 coqueretur
1267 3360 1370 3423 adussit)
1376 3380 1384 3421 ;

139 3434 208 3496 λείν).
246 3435 417 3485 Macilentiam
433 3437 486 3485 eius
502 3435 566 3484 ridet
589 3435 744 3497 Hermippus
786 3437 831 3495 rhu
846 3437 1018 3500 Στρυμοδώρου
1031 3437 1167 3498 θρᾷτταν
1183 3437 1248 3487 Ach.
1263 3449 1323 3499 273;
1341 3441 1386 3499 τὴν

139 3512 166 3561 ἐν
177 3511 320 3575 Κέρκωψινι
339 3514 426 3579 οίγάρ
442 3513 565 3571 πενόμενοι
576 3513 689 3575 ἀνάπηρά
706 3530 744 3562 σοι
787 3514 923 3575 θρᾷτταν
939 3516 1013 3563 κυνῶν
1023 3516 1066 3574 τῆς
1078 3515 1188 3575 γυναικός
1198 3516 1312 3576 λουμένης
1325 3518 1381 3567 Pac.

140 3592 237 3639 θύουσιν
255 3594 301 3651 ἢδη
319 3593 406 3655 βοίδια,
423 3591 592 3653 Λεωτροφίδου
609 3592 745 3653 λεπτότερα
789 3596 866 3658 11383
891 3597 959 3657 δεῦρο
980 3597 1020 3644 νῦν
1042 3593 1184 3659 ὤθραῖτθ
1205 3598 1264 3645 έπου
1283 3597 1384 3647 Thesm.

139 3670 181 3716 καί
212 3669 416 3729 θουμάνπιδος,
449 3669 526 3719 Mein.
551 3671 596 3719 Fr.
623 3670 688 3729 Com.
721 3681 743 3718 11
788 3683 843 3737 279,
861 3673 915 3731 280,
937 3672 991 3731 284,
1014 3683 1068 3735 293.
1105 3673 1203 3721 Eodem
1222 3689 1296 3722 sensu
1318 3677 1386 3737 Σύρα

137 3761 163 3810 p.
177 3760 225 3810 393
786 3749 876 3814 legitur
888 3750 944 3797 Pac.
956 3746 1017 3810 1146

190 3822 347 3889 Θοοφάνηςτ
364 3826 482 3875 πολλάκις
494 3826 648 3886 ἐξηπατήθην
659 3824 705 3873 ύπό
716 3842 745 3873 τε
835 3823 1040 3892 Θρασύβουλοςι
1059 3824 1176 3888 ὡρᾴζεται
1193 3826 1328 3888 (delicias
1345 3827 1384 3876 fa·

140 3904 186 3952 σοῦ
198 3904 237 3951 καί
250 3903 418 3963 θουφάνους
429 3903 477 3967 Eq.
495 3918 563 3965 1031,
582 3903 626 3951 ubi
643 3903 674 3951 de
685 3902 743 3951 Cle·
786 3906 836 3970 cit)
849 3906 1063 3967 θρασύβουλος,
1079 3904 1149 3953 αύτδς
1165 3905 1220 3964 uixi
1231 3907 1383 3966 παρακαλού-

139 3997 190 4031 one
205 3981 315 4046 loquitur
332 3983 443 4031 Demus:
461 3982 653 4043 ύπογραμματέα
668 3981 743 4031 fuisse
784 4000 852 4045 μενος
869 3983 937 4032 Eccl.
961 3997 1005 4031 τοι
1023 3982 1076 4043 (ubi
1096 3980 1229 4030 scholiasta
1249 3981 1385 4042 ὑπερόπτης

139 4065 225 4109 narrat
244 4058 384 4120 scholiasta,
406 4074 484 4122 genus
502 4058 632 4107 hominum
650 4059 699 4108 vile
718 4066 743 4109 et
786 4062 1082 4125 ὢντούδημουήβούλετο
1093 4061 1174 4108 πάντα
1185 4058 1215 4108 δι’
1227 4059 1383 4122 αύτοῦπράτ-

140 4144 321 4201 contemptum,
335 4145 364 4187 ut
378 4144 448 4201 patet
462 4153 519 4186 cum
530 4152 561 4186 ex
572 4137 627 4186 aliis
643 4137 705 4186 locis
716 4145 744 4187 ut
783 4143 882 4209 πετάσια
901 4142 958 4189 vide
969 4142 1026 4190 adn.
1040 4157 1072 4209 cr..
1087 4140 1113 4187 in
1124 4139 1166 4198 l.):
1184 4139 1235 4198 μῶν
1246 4138 1342 4201 (ἀχράς)
1355 4139 1385 4199 ἣν

140 4217 234 4280 Lysiae
246 4232 325 4266 accus.
341 4217 438 4265 Νιεοινι.
457 4231 482 4280 p.
498 4214 544 4267 186
558 4217 570 4274 θ
583 4216 620 4277 οδ,
642 4223 695 4265 tum
713 4232 744 4265 ex
786 4220 992 4282 θρασύβουλος
1011 4220 1064 4266 εἶπε
1083 4217 1133 4266 τοῖς
1150 4217 1293 4266 Λακωνικοῖς
1312 4217 1382 4269 Eccl.

141 4294 295 4355 Ran1084
332 4293 443 4344 Consule
453 4300 479 4347 et
491 4292 647 4346 Boeckhium
657 4295 741 4344 oreon.
786 4296 834 4360 356
847 4297 900 4359 (ubi
911 4295 987 4345 schol.
1002 4293 1070 4344 οὗτος
1086 4292 1219 4354 ἀντιλέγειν
1228 4294 1324 4351 μέλλων
1335 4297 1385 4346 τοῖς

139 4376 202 4425 Ata.
216 4387 239 4423 11
252 4377 267 4423 8
277 4391 304 4438 p.
321 4369 369 4436 187Ι
377 4375 410 4423 τά.
422 4376 465 4423 alt.
784 4373 975 4434 Δακεδαιμονίων
986 4372 1102 4435 πρέσβεσι
1114 4371 1169 4432 περί
1179 4373 1287 4420 σπονδῶν
1299 4373 1384 4433 έληλυ·

144 4462 159 4491 '·
191 4449 385 4519 Θοίφροπτοεε
399 4469 416 4502 ε
436 4451 603 4504 Philocleonis
623 4452 739 4512 convivis,
786 4453 859 4514 δόσιν,
884 4453 937 4500 εἶτα
954 4449 1125 4512 δωροδοκήσας,
1145 4448 1252 4511 ἀχράδας
1279 4443 1388 4515 (piton¹

735 4551 787 4605 tua
