3276 5268
830 443 980 516 Kasalos

275 615 426 677 praestantia
438 617 594 679 conspicuus,
608 615 672 665 nihil
685 621 729 666 aut
744 616 880 668 nobilitate
916 618 1038 677 πολίταιν,
1047 617 1087 666 καί
1093 617 1137 667 τοῦ
1145 617 1271 681 Δημητρδι
1278 616 1305 665 δὲ
1312 617 1407 678 καρτοῦ
1418 617 1451 665 είς
1463 615 1525 676 τρώ·

274 692 372 754 generis
383 699 427 741 aut
443 695 558 742 maximis
570 694 661 757 opibus
672 695 776 759 dignum
792 695 875 759 gessit.
915 713 962 756 την
976 697 1021 757 τὴν
1038 696 1223 755 Πελοπόννησον
1246 695 1344 757 οτίρμα
1358 695 1524 755 δωρήσασθαι.

276 769 344 819 Nam
356 769 460 819 Archon
471 771 573 835 quidem
589 771 637 820 suit
649 773 805 837 (Xenophon
816 773 876 822 Hel·
916 773 1098 823 Gravissimum
1109 789 1169 822 sane
1181 775 1369 837 argumentum!
1386 771 1438 820 hoc
1451 771 1526 834 Spar·
1598 838 1599 849 γ

275 848 323 898 len.
345 846 383 897 16
400 848 451 908 51)
471 849 539 912 quod
556 864 632 898 nemo
650 850 760 910 miretur,
780 865 878 899 mernor
915 854 969 900 tani
985 851 1105 900 curabant
1122 851 1234 910 scilicet3
1251 851 1296 899 sed
1312 851 1426 898 nondum
1438 849 1525 897 omnia

275 914 407 974 archontes
434 925 541 975 Athenis
569 943 600 976 ex
627 927 754 976 ditissimis
782 928 876 977 civibus
915 929 1027 978 dixerat:
1043 930 1095 978 πῶς
1112 930 1152 977 eru
1169 929 1260 977 δίκαιον
1276 928 1336 986 ύμᾶς
1349 927 1407 989 παρ’
1423 927 1525 975 ὦνέλί-

275 1004 438 1063 (πλουτίνδην)
461 1010 528 1052 sorte
547 1003 612 1053 duci.
657 1004 730 1054 Conf.
751 1004 876 1055 Plutarch.
915 1008 975 1068 βετε
984 1007 1017 1054 τὰ
1033 1006 1170 1068 σπέρματα,
1183 1009 1226 1054 τδν
1241 1007 1333 1055 τούτων
1349 1005 1444 1067 καρτύν
1462 1021 1524 1053 τοτε

275 1080 302 1128 in
313 1081 418 1130 Aeneia
433 1097 455 1130 c.
475 1095 495 1141 1,
510 1081 537 1130 in
548 1083 633 1131 Pericl.
647 1098 668 1131 c.
681 1098 712 1147 9:
730 1089 755 1131 et
770 1083 877 1147 praefuit
917 1085 996 1131 ἐλθεῖν
1014 1086 1150 1144 δῃώσοντας
1166 1084 1229 1144 ημᾶς
1245 1102 1281 1143 τε,
1296 1085 1331 1133 οἷς
1346 1085 1479 1142 ἐδώκαμεν,
1491 1083 1526 1141 μὴ

275 1159 392 1208 exercitui
404 1175 461 1208 curn
478 1159 605 1224 Iphicrate
617 1160 714 1224 collega
726 1161 833 1224 (Hellen.
847 1173 877 1209 lv
917 1163 972 1222 ούχί
987 1164 1120 1223 βούλεσθαι
1132 1162 1163 1212 ὡς
1173 1163 1293 1221 πλείστην
1303 1163 1397 1210 τούτοις
1408 1160 1528 1220 ἀφθονίαν

276 1236 454 1302 5513)aquo
466 1245 606 1287 contemtus
618 1242 789 1303 μητραγύρτης
804 1253 876 1288 voca·
916 1240 1007 1300 τροφῆς
1023 1240 1145 1300 γενέσθαι.
1181 1239 1245 1301 Quis
1261 1255 1321 1288 vero
1337 1241 1385 1288 ista
1402 1238 1457 1287 sine
1475 1238 1526 1287 risu

274 1314 348 1363 batur
370 1314 484 1377 (Aristot.
510 1315 608 1364 Rhetor.
633 1327 667 1364 111
691 1314 726 1378 ο).
760 1316 823 1365 Erat
847 1332 878 1365 ex
916 1315 991 1379 legat,
1006 1332 1022 1365 a
1038 1315 1122 1380 legato
1135 1316 1167 1366 de
1184 1316 1337 1380 gravissimis
1352 1317 1429 1365 rebus
1445 1316 1524 1364 misso

275 1391 381 1456 collegio
392 1394 440 1441 τῶν
451 1393 569 1454 Κηρύκων
581 1393 735 1456 (Andocides
743 1393 773 1441 ele
782 1399 876 1456 myster.
916 1393 1087 1456 pronunciata,
1101 1408 1166 1457 quae
1178 1394 1206 1442 in
1221 1394 1398 1444 declamitante
1409 1394 1526 1459 sophista

274 1485 299 1533 p.
312 1471 344 1541 58
356 1476 380 1518 et
398 1468 440 1532 63)
457 1477 482 1519 et
499 1470 614 1530 δᾳδοῦχος
631 1469 759 1534 (Xenoplr.
776 1471 873 1520 Hellen.
917 1471 959 1518 vix
969 1471 1050 1521 feras!

222 1546 227 1557 '
274 1550 595 1611 v1353,Andocid.ilid.
609 1566 633 1614 p.
648 1549 697 1612 55),
712 1553 877 1600 cuiusmune-
967 1548 1129 1613 Quantopere
1140 1555 1224 1598 autem
1235 1549 1313 1599 hebes
1324 1549 1397 1598 fuerit
1415 1555 1441 1598 et
1452 1550 1526 1598 obtu-

273 1628 307 1677 ris
335 1628 456 1678 honorem
489 1645 504 1677 a
532 1628 669 1678 maioribus
699 1627 877 1677 hereditarium
916 1641 972 1674 sum
983 1627 1010 1675 in
1026 1626 1201 1691 philosophiae
1217 1627 1301 1676 studio
1315 1626 1437 1676 Calliae
1454 1630 1525 1692 inge·

273 1714 409 1771 acceperat.
445 1706 520 1756 Conf.
547 1706 673 1756 Plutarch.
696 1709 777 1756 Arest.
802 1721 824 1757 c.
851 1719 873 1767 5,
916 1705 993 1763 nium,
1008 1705 1088 1755 facete
1104 1715 1130 1755 et
1146 1704 1233 1770 aperte'
1242 1705 1345 1769 exponit
1361 1705 1388 1752 in
1403 1707 1525 1754 Convenae
1598 1714 1599 1731 ί

275 1785 406 1835 Scholiast.
425 1786 502 1834 Arist.
514 1784 584 1833 Nub.
598 1783 629 1846 64
641 1784 708 1833 unde
726 1786 799 1847 ίοριύς
816 1786 877 1834 θεῶν
917 1783 1069 1848 Xenophon.
1103 1781 1187 1833 Iadtat
1203 1799 1274 1832 suam
1291 1786 1345 1847 ipse
1367 1783 1466 1832 Callias
1485 1800 1525 1833 sa·

272 1864 321 1912 τῶν
332 1863 375 1911 ἀπ’
385 1861 519 1925 Ἐρεχθέως
529 1861 620 1911 dicitur
628 1863 737 1926 Sympos.
746 1872 800 1910 vm
812 1863 825 1921 5
835 1875 874 1923 40,
915 1862 1037 1927 pientiam
1056 1862 1077 1925 (Ι
1088 1864 1101 1921 5
1112 1861 1138 1925 6)
1156 1879 1207 1927 qua
1221 1862 1336 1911 homines
1352 1863 1386 1910 ad
1402 1864 1524 1911 vinutem

273 1940 342 2005 qnod
357 1939 425 1990 recle
442 1941 474 1990 de
492 1940 584 1990 Cerere
602 1948 627 1990 et
646 1941 795 2004 Proserpina
811 1941 875 1990 acci-
916 1939 1036 2005 proficere
1046 1941 1137 1990 efficiat
1152 1949 1177 1991 et
1194 1941 1283 1990 reddat
1296 1941 1412 1990 iustiores
1424 1941 1524 2004 (Symp.
1598 1996 1599 1999 Ἴ

273 2020 357 2084 pitur:
385 2035 444 2067 nam
466 2019 595 2067 Andocidi
616 2019 707 2067 dicitur
731 2020 804 2081 ίερεύς
831 2020 876 2079 τῆς
916 2031 950 2067 111
970 2021 984 2079 5
1001 2020 1035 2080 4),
1058 2019 1108 2068 hoc
1129 2019 1197 2068 enim
1219 2019 1266 2068 sibi
1288 2034 1342 2068 esse
1361 2018 1521 2076 facillimum,
1598 2028 1599 2057 ³

235 2138 236 2141 τ
273 2098 362 2160 μητρὸς
376 2098 421 2146 καί
438 2098 481 2157 τῆς
501 2096 626 2158 θυγατρός.
663 2097 781 2146 Ceterum
798 2097 875 2146 etiam
915 2103 1018 2161 accepta
1029 2112 1121 2161 nempe
1135 2112 1151 2145 a
1163 2112 1189 2145 se
1200 2099 1306 2161 pecuma
1317 2097 1429 2145 revocari
1440 2096 1524 2144 homi·

272 2176 396 2236 τροξενίαν
413 2175 674 2224 Lacedaemoniorum
698 2191 713 2224 a
739 2175 875 2225 maioribus
915 2190 959 2224 nes
971 2191 986 2224 a
997 2174 1082 2224 multis
1094 2174 1251 2235 facinoribus,
1264 2175 1296 2222 ad
1309 2188 1373 2238 quae
1385 2173 1524 2239 plerosque

272 2260 402 2317 acceperat
420 2254 528 2316 Sympes.
551 2263 605 2301 v111
625 2253 689 2317 539,
709 2253 806 2301 Hellen.
828 2264 873 2315 v5
914 2253 1019 2316 penuria
1034 2250 1118 2302 metus
1132 2253 1211 2301 soleat
1227 2252 1362 2316 impellere,
1379 2253 1476 2317 (Symp.
1492 2265 1523 2302 lv

273 2332 285 2391 5
298 2346 320 2391 a,
333 2343 363 2380 vr
374 2347 388 2395 3
400 2333 434 2392 54
446 2332 479 2380 ad
490 2347 554 2395 quos
564 2337 604 2380 ter
614 2331 715 2395 publica
724 2328 874 2380 audlodtate
914 2332 928 2390 5
943 2345 953 2378 r
967 2332 1032 2395 sqq.)
1044 2346 1106 2395 quas
1117 2330 1223 2394 ineptias
1233 2329 1377 2400 nonferens
1389 2330 1524 2379 Antisthe-

272 2409 362 2459 missus
372 2417 410 2459 est
422 2409 525 2473 legatus,
540 2414 568 2458 ut
579 2409 634 2473 lpse
645 2415 756 2469 testatur,
771 2409 869 2459 Hellen.
899 2408 902 2413 '
914 2423 959 2456 nes
970 2407 1043 2456 istam
1055 2407 1176 2457 Calliae
1193 2407 1313 2456 iustitiam
1325 2407 1407 2471 arguit
1419 2408 1446 2455 in
1457 2424 1524 2456 mar·

272 2500 302 2537 VI
320 2501 334 2549 3
352 2489 365 2547 5
381 2504 405 2548 4.
418 2516 424 2525 -
440 2488 493 2537 Sed
511 2490 532 2536 si
550 2487 639 2551 exigua
657 2487 711 2546 ista,
733 2487 824 2550 quibus
842 2502 874 2536 ne
914 2484 992 2549 supiis
1002 2487 1171 2548 magis-quam
1182 2487 1209 2532 in
1220 2484 1310 2533 animis
1321 2484 1456 2533 hominum
1467 2501 1523 2535 esse

271 2567 423 2617 mediocrem
435 2565 535 2630 quidem
547 2564 648 2613 laudem
659 2564 707 2612 sibi
721 2563 870 2624 conciliavit,
913 2564 995 2621 sitam,
1014 2570 1040 2612 et
1056 2562 1132 2626 plane
1149 2562 1245 2612 nullam
1263 2578 1317 2611 esse
1333 2562 1431 2620 statuit,
1451 2563 1523 2627 quod
1598 2608 1599 2627 ,

271 2646 405 2708 exceperis,
419 2646 497 2693 vitam
512 2642 581 2707 degit
599 2643 705 2692 inertem
721 2659 750 2691 ac
767 2641 871 2690 dissolu·
912 2641 967 2704 ipse
988 2640 1107 2689 fateretur
1128 2640 1248 2696 Calli-as
1274 2640 1409 2705 plerosque
1431 2656 1522 2690 omnes
1598 2632 1599 2713 )

270 2726 335 2771 tam:
353 2731 381 2770 ut
391 2721 472 2770 inanis
488 2719 610 2784 gloriolae
621 2718 730 2782 speciem
742 2717 789 2765 sibi
805 2733 872 2766 com·
912 2733 958 2767 nec
966 2717 1088 2768 beneficia
1094 2719 1142 2767 sibl
1150 2718 1247 2778 referre,
1257 2734 1305 2767 uec
1313 2718 1407 2781 gratias
1415 2718 1520 2777 habere,
1598 2776 1599 2787 γ

270 2805 376 2864 pararet,
391 2799 504 2862 ingentes
514 2796 633 2860 sophistis
649 2797 767 2860 pecunias
781 2795 871 2858 prode·
912 2798 964 2844 imo
975 2795 1109 2845 nonnullos
1125 2796 1174 2844 sibi
1191 2796 1267 2845 etiam
1284 2795 1424 2844 infestiores
1441 2810 1521 2859 quam
1598 2804 1599 2819 ¹

269 2880 316 2941 git,
338 2892 402 2947 quos
424 2876 492 2924 laute
514 2874 640 2938 excipiens
663 2876 699 2922 ita
720 2873 822 2922 demum
844 2889 872 2923 se
912 2879 986 2922 antea
997 2888 1058 2932 essa,
1067 2873 1134 2922 unde
1143 2872 1218 2922 efficit
1228 2872 1343 2921 homines
1354 2879 1521 2935 ergaceteros

269 2956 408 3027 'sapientem
420 2946 523 3003 autfore
532 2961 574 3002 aut
583 2952 697 3003 habitum
706 2952 737 3000 iri
745 2952 868 3016 sperabat.
911 2966 998 3000 omnes
1016 2949 1070 2999 fieri
1085 2951 1171 3009 iustos,
1192 2966 1252 3014 erga
1268 2950 1341 2999 illum
1360 2952 1446 3014 ipsum
1467 2967 1520 3000 non
1598 2974 1599 2991 ι

270 3034 366 3083 Passim
378 3050 408 3082 eo
420 3032 551 3081 nominea
569 3031 673 3079 Platone
686 3026 869 3095 perstringitur.
911 3027 972 3077 fieri.
1009 3027 1057 3076 Per
1072 3033 1154 3076 totum
1173 3042 1249 3091 porro
1266 3028 1411 3076 convivium
1429 3028 1521 3078 Socra·

270 3111 447 3175 Xenophontis
464 3110 497 3158 de
508 3123 574 3157 eare
592 3108 648 3156 loca
659 3116 724 3167 sunt,
738 3109 869 3171 Sympos.1
910 3106 961 3154 tica
981 3105 1086 3167 εἰρωνεία
1104 3111 1130 3154 et
1149 3104 1248 3169 lepores
1265 3105 1399 3154 Calliam
1411 3106 1449 3154 nil
1468 3107 1520 3157 tale

270 3190 283 3247 5
295 3201 317 3250 5,
332 3200 362 3236 1v
374 3187 435 3246 561.
471 3187 510 3234 Ex
526 3188 630 3233 istorum
642 3192 727 3233 autem
739 3194 869 3235 consuetu·
911 3183 1062 3247 cogitantem
1089 3182 1199 3232 illudunt
1221 3190 1246 3232 et
1268 3181 1398 3233 deleclant
1422 3192 1518 3235 tamen.
1598 3180 1599 3263 ,

271 3266 329 3314 dine
341 3265 376 3313 nil
387 3265 434 3313 nisi
451 3277 529 3312 vanus
541 3270 566 3311 et
583 3261 686 3311 mirifice
703 3263 751 3311 sibi
768 3263 869 3327 placens
911 3261 954 3311 Sic
964 3273 1019 3309 vm
1031 3264 1043 3322 5
1055 3277 1084 3322 42
1098 3261 1194 3325 petenti
1204 3261 1327 3311 Calliae
1339 3263 1423 3310 ούκοῦν
1433 3265 1468 3311 σύ
1478 3280 1516 3323 με,
1598 3302 1599 3305 ,

270 3340 352 3391 nctus
369 3349 406 3391 est
424 3349 449 3391 et
465 3342 511 3390 οἷος
526 3342 601 3400 μηδὲν
616 3339 694 3400 ἧσσον
709 3340 811 3400 ἥδεσθαι
828 3341 890 3413 ύφ’;
911 3338 930 3388 ὦ
952 3341 1088 3402 Σώκρατες,
1107 3341 1283 3403 usurpas-elesa
1299 3341 1359 3401 τρδς
1377 3341 1423 3400 τὴν
1446 3344 1521 3391 stlte

271 3421 372 3480 αύτοῢι)
389 3420 429 3468 ὑπ’
447 3421 528 3468 ἄλλων
540 3413 712 3479 ἐπαινούμενος,
728 3420 823 3469 Hellen.
838 3433 868 3469 vr
910 3420 974 3467 ύτως
987 3417 1088 3480 τρδττω
1099 3419 1131 3465 ra
1147 3419 1262 3467 πολιτικὰ
1274 3419 1313 3466 καί
1328 3419 1365 3465 eet
1382 3417 1519 3479 ἀρεστδςῶ
1598 3428 1599 3431 ’

271 3514 285 3561 3
298 3499 310 3557 5
323 3513 352 3559 33
363 3514 444 3562 neque
455 3500 589 3562 quicquam
602 3497 681 3545 autin
693 3497 757 3546 bene
768 3498 870 3547 dicendi
910 3497 987 3558 αὐτῆς
1004 3496 1139 3559 respondet
1154 3496 1195 3543 ναί
1210 3494 1246 3554 μδ
1257 3492 1294 3542 Δί’
1307 3496 1336 3554 ἣν
1348 3495 1422 3557 δρῶσί
1437 3498 1472 3556 ’γέ
1489 3513 1519 3545 σε
1598 3526 1599 3529 =

269 3575 389 3625 facultate
400 3581 442 3623 aut
454 3576 480 3622 in
497 3573 671 3638 philosophiae
688 3574 777 3634 studio,
792 3590 868 3639 aquo
909 3575 943 3632 μὴ
955 3574 990 3634 τῷ
1001 3575 1078 3621 δοκεῖν
1089 3573 1156 3621 δλλδ
1166 3573 1202 3633 τῷ
1218 3572 1269 3620 sen
1281 3572 1369 3634 δριτῆς
1385 3573 1517 3630 ἐτιμελού-
1598 3618 1599 3645 ἒ

268 3653 345 3719 plane
352 3653 452 3716 ingenio
461 3659 485 3701 et
492 3659 581 3701 natura
588 3651 746 3710 eratalienus,
753 3652 865 3715 profecit.
908 3668 984 3711 μενον,
995 3651 1086 3714 quibus
1097 3650 1180 3700 verbis
1192 3666 1218 3699 se
1229 3649 1325 3699 laudari
1337 3648 1516 3699 illeexistima·

269 3732 429 3796 Quamnulla
437 3731 503 3780 enim
513 3726 609 3779 essetin
621 3746 652 3779 eo
661 3730 760 3779 dicendi
771 3729 868 3794 peritia,
908 3728 960 3777 bat.
997 3728 1041 3780 Sic
1055 3726 1170 3778 Socrates
1187 3729 1286 3777 honesti
1303 3729 1394 3776 amoris
1411 3727 1516 3778 laudem

268 3811 328 3859 satis
342 3825 464 3874 superque
481 3808 591 3858 declarat
607 3809 694 3868 oratio,
710 3824 786 3872 quam
800 3807 868 3871 apud
909 3807 1038 3857 celebrans
1050 3824 1155 3871 eamque
1167 3807 1264 3856 Calliae
1279 3814 1381 3871 propter
1393 3806 1517 3870 Autolyci
1598 3840 1599 3879 i

270 3888 372 3938 Hellen.
386 3889 402 3936 l.
412 3889 428 3936 l.
440 3887 473 3937 de
484 3886 659 3950 componenda
669 3900 731 3949 pace
743 3886 867 3934 Lacedae·
909 3900 1019 3934 amorem
1039 3886 1150 3935 tribuens
1172 3885 1291 3948 (Sympos.
1310 3896 1364 3932 vm
1383 3887 1397 3944 5
1417 3885 1432 3932 8
1449 3885 1515 3949 sqq.)

268 3981 345 4015 mone
360 3964 454 4014 habuit.
492 3964 591 4027 Operae
605 3963 712 4026 pretium
729 3971 766 4011 est
783 3963 868 4012 audire
907 3961 1070 4012 libidinosum
1086 3963 1214 4011 hominem
1226 3978 1277 4011 non
1289 3962 1411 4010 laudabat
1422 3963 1513 4026 magis,
1598 4022 1599 4027 ¹

268 4043 350 4107 ipsum
360 4048 490 4091 oratorem.
509 4040 602 4089 Statuit
610 4047 725 4103 oportere
732 4055 868 4104 numquam
908 4056 984 4104 quarn
1001 4041 1102 4105 qualem
1121 4057 1175 4090 esse
1193 4046 1326 4105 oporteret,
1347 4040 1511 4100 admonebat,

269 4120 481 4169 Lacedaemonios
489 4125 513 4166 et
522 4117 764 4166 Atheniensesarma
772 4118 819 4166 sibi
831 4118 867 4166 in·
908 4119 938 4167 cf.
957 4120 970 4177 5
991 4134 1028 4167 ra.
1063 4120 1131 4169 Nam
1154 4120 1200 4168 fuit
1222 4117 1341 4167 Callias
1364 4133 1411 4181 per
1433 4126 1515 4168 totam

268 4197 340 4258 ferre,
354 4199 407 4246 ἐπεὶ
419 4198 520 4258 λέγεται
530 4196 574 4255 μὲν
585 4195 598 4243 δ
609 4196 779 4257 Τριπτόλεμος,
792 4196 868 4255 δὴμέ-
907 4199 985 4244 vitam
994 4197 1201 4260 intemperantiae
1207 4203 1232 4245 et
1240 4195 1394 4243 lubidinibus
1401 4196 1511 4254 deditus,

269 4291 335 4336 τερος
344 4276 460 4337 τρύγονος
467 4276 500 4322 τὰ
508 4274 633 4336 Δημητρδς
641 4275 680 4321 καί
688 4272 768 4335 Κόρης
775 4275 868 4336 ἄρρητα
907 4273 993 4322 helluo
1010 4281 1035 4323 et
1055 4275 1211 4334 mulierosus,
1227 4289 1278 4337 quo
1297 4276 1401 4322 nomine
1419 4275 1513 4338 passim

268 4353 321 4414 ίερὰ
329 4354 431 4414 τρώτοις
438 4354 510 4412 ξένοις
521 4353 596 4412 δεῖξον
604 4351 757 4412 Ἠρακλεῖτε
768 4350 804 4412 τῷ
815 4352 867 4410 tae·
908 4367 964 4400 cum
976 4351 1009 4399 ab
1020 4351 1075 4400 aliis
1087 4351 1189 4401 comicis
1197 4359 1226 4400 ut
1236 4350 1363 4414 Eupolide
1373 4351 1401 4400 in
1409 4354 1511 4412 Κύλαζι,
1598 4418 1599 4429 ¹

267 4431 330 4492 τέρῳ
338 4431 468 4492 ἀρχηγέτῃ
477 4430 516 4477 καί
525 4431 676 4490 Διοσκούροιν
686 4430 738 4477 τοῖν
747 4428 869 4492 ὑμετέραν
903 4435 961 4478 tum
972 4430 1005 4478 ab
1017 4429 1186 4494 Aristophane
1197 4429 1259 4478 risus
1270 4435 1308 4478 est
1322 4429 1385 4479 Ran
1399 4447 1423 4480 v.
1436 4433 1487 4493 4²8

859 4526 911 4578 (846)
