3262 5254
462 444 959 535 Herpurer'c--Hai'oavdpov

83 620 181 680 adraim
203 618 305 683 βουλαῖς
322 619 469 670 ἀπολέσειαν
492 619 589 681 οῖιθεοῖ,
610 620 686 681 (cum

81 697 156 760 ipsis
168 697 491 761 dolis,pessumdent;)
516 698 618 758 όπρίατο
633 698 686 746 δοῖ·

81 775 124 822 λον
136 776 295 839 βυρσοδέψην
311 775 500 837 Παφλαγόνα
517 776 565 840 Eq.
580 791 626 838 443
640 787 670 838 54
677 790 687 835 ι

81 853 123 899 τόν
141 853 335 912 Παφλαγόνα
352 852 504 912 παραδίδωμι
525 853 619 901 τουτονί
636 852 685 916 Eq.

85 942 161 990 ¹²593
179 931 227 989 οὐχ
246 930 295 978 οῖόν
313 947 342 977 τε
359 931 402 978 τδν
421 925 598 990 Παφλαγόν’
618 929 687 977 οὐδὲν

82 1006 166 1053 λαθεῖν
183 1006 233 1070 Eq.
256 1018 300 1068 743
318 1008 360 1055 τόν
378 1007 567 1068 Παφλαγόνα
582 1006 629 1066 εἴφ’
647 1006 686 1054 ότι

82 1086 190 1143 ποιήσεις
202 1086 275 1133 κακόν
287 1085 334 1148 Eq.
351 1096 428 1148 1395;
446 1086 487 1133 τόν
499 1085 588 1133 θεοῖσιν
598 1084 686 1145 ἐχθρόν

80 1164 247 1225 βυρσοδέψην·
269 1164 457 1224 Παφλαγόνα
484 1160 547 1222 ἡνίχ’
587 1161 686 1223 ᾑρεῖσθε

80 1241 222 1303 στρατηγόν
232 1241 258 1289 Ν
260 1241 301 1291 ub.
315 1241 374 1302 5813
393 1238 498 1289 κάκιστα
510 1238 562 1300 δῆθ’
575 1238 644 1289 οὗτός
654 1255 686 1299 γε

82 1320 177 1380 πρῶτος
186 1320 393 1381 Παφλαγόνων
402 1319 538 1378 (ἀπόλοιτο)
552 1318 601 1382 Eq.
613 1316 629 1366 6
636 1334 643 1377 3
655 1319 685 1377 δὴ

80 1398 138 1447 τότε
148 1399 357 1459 Παφλαγόνων
366 1399 411 1458 μέν
422 1399 561 1447 ἀπόλλυται
576 1398 592 1458 ἡ
603 1414 684 1462 σκορο·

80 1474 165 1536 δάλμη
177 1476 227 1540 Eq.
243 1478 289 1540 189

129 1552 282 1620 Πειραιιθςε
311 1556 426 1604 τοιουτονὶ
453 1555 620 1614 Θεμιστοκλῆς
647 1555 684 1603 οδ·

79 1631 180 1681 πώποτ’
204 1633 340 1692 ἐπενόησεν.
368 1635 446 1681 καίτοι
464 1635 540 1694 σοφόν
562 1631 651 1681 κάκεῖν’
672 1632 686 1681 ό

80 1711 239 1771 Πειραιεύς
257 1710 306 1774 Eq.
326 1713 392 1772 8853
409 1712 533 1772 ἀριστώσῃ
551 1709 594 1774 (τῇ
613 1711 684 1758 πόλει

80 1788 156 1847 ἡμῶν)
181 1789 223 1836 τδν
244 1789 370 1850 Πειραιεῖ
390 1790 541 1848 προσέμαξεν
558 1790 684 1850 (Θεμιστο

79 1865 148 1925 κλῆς)
163 1866 212 1929 Eq.
226 1866 272 1925 815
286 1864 365 1928 (quod
382 1881 432 1913 non
448 1865 480 1913 ad
498 1865 587 1929 lo‘ngos
600 1881 685 1914 muros

79 1945 123 1993 sed
143 1943 182 2005 ad,
200 1943 364 1992 munitionem
379 1950 476 1991 tantum
499 1943 603 2007 emporii
624 1944 684 1992 refe·

79 2022 188 2070 rendum
200 2028 238 2070 est
245 2039 253 2081 ;
267 2021 325 2069 vide
340 2037 358 2069 s.
366 2036 391 2069 n.
402 2018 587 2086 Θεμιστοκλῆς
598 2037 622 2085 p.
636 2022 682 2081 831

80 2101 105 2160 B)
115 2118 123 2160 ;
136 2101 163 2148 ἐν
173 2100 311 2160 Πειραιεῖ
320 2099 397 2157 δήπου
411 2096 461 2146 ’στι
472 2097 602 2160 Κανθάρου
613 2100 686 2157 λιμήν

82 2179 141 2227 Pac.
162 2190 223 2237 rr4;
240 2178 267 2225 έν
288 2178 423 2239 Πειραιεῖ
441 2178 508 2239 παρά
523 2178 575 2226 ταῖς
589 2177 685 2239 πόρναις

80 2257 113 2305 ib.
133 2254 180 2316 164

132 2330 315 2397 Πείσανδροςε
324 2333 374 2381 duo
383 2332 523 2381 Pisandri
535 2347 684 2381 commemo·

80 2418 168 2460 rantur
179 2414 206 2459 in
214 2410 315 2458 illorum
322 2411 451 2459 hominum
460 2411 570 2469 historia,
580 2426 686 2474 quorum

80 2490 144 2538 aiter
175 2489 253 2536 homo
281 2489 372 2537 nuliius
399 2488 534 2551 dignitatis,
567 2488 687 2551 Eupolidi

80 2567 94 2615 δ
116 2566 237 2628 στρεβλός
258 2563 347 2623 didius,
371 2565 434 2613 alter
455 2579 561 2628 magnae
583 2567 610 2613 in
632 2580 684 2629 rep.

79 2643 238 2693 auctoritatis
249 2646 287 2692 vir
292 2642 380 2691 mobili
392 2643 491 2706 ingenio
499 2650 523 2692 et
531 2643 685 2706 temporibus

79 2723 198 2782 serviens,
210 2724 293 2785 primo
304 2735 396 2784 magna
402 2720 492 2769 florens
501 2721 589 2784 populi
596 2724 683 2785 gratia,

83 2801 175 2851 deinde
182 2800 333 2849 evertendae
344 2799 511 2848 democratiae
518 2796 605 2847 audior
619 2815 686 2847 acer·

79 2879 166 2927 rimus.
214 2877 397 2941 Antiquissima
424 2876 533 2925 hominis
566 2879 687 2925 memoria

82 2958 151 3021 apud
175 2956 371 3019 Aristophanem
399 2961 467 3004 extat
488 2955 515 3003 in
543 2954 688 3016 Babyloniis

81 3034 109 3083 lr.
122 3046 195 3083 xxvr
209 3034 250 3083 Ol.
268 3033 368 3081 lxxxviii
382 3045 395 3080 α
408 3030 486 3081 adis:

88 3137 102 3190 vi
117 3136 164 3188 δεῖμ’
180 3133 244 3177 αἰτῶν
257 3133 326 3189 ἀρχὴν
343 3135 437 3187 πολέμου
451 3132 505 3187 μετοὶ
518 3132 687 3186 Πεισάνδρου

571 3196 687 3250 πορίσειεν.

82 3285 142 3335 Fuit
153 3284 232 3348 igitur
247 3298 333 3332 eorum
351 3297 416 3331 unus
435 3297 497 3347 quos
512 3280 619 3344 pecunia
634 3296 688 3329 cor-

80 3371 168 3428 mptos
177 3361 238 3411 belli
248 3376 359 3410 caussam
367 3360 476 3410 extitisse
485 3358 686 3408 criminabantur.

80 3442 155 3490 Idem
166 3439 204 3489 illi
216 3438 309 3488 crimen
321 3437 398 3487 obicit
409 3438 435 3490 in
447 3436 549 3500 Lysistr.
560 3449 621 3498 491:

59 3542 62 3546 ι
79 3552 113 3595 ἶνα
126 3549 169 3606 γοῖρ
183 3549 313 3601 Πείσανδρος
331 3548 377 3602 ἔχοι
396 3548 495 3590 κλέπτειν
506 3544 542 3600 χοῖ
554 3545 600 3589 ταῖς
614 3543 689 3597 ἀρχαῖς

421 3608 423 3611 ’
579 3608 689 3660 ἐπέχοντες

79 3677 115 3720 ἀεῖ
125 3693 174 3721 τινα
187 3672 316 3729 κορκορυγῆν
327 3674 420 3716 ternave

79 3784 185 3833 tortasse
206 3781 281 3831 etiam
293 3780 399 3845 Eupolis
418 3777 609 3836 ’Δοτρατεύταις,
624 3790 688 3839 quae

80 3861 168 3911 sabula
188 3859 291 3923 Olymp.
319 3858 420 3906 lxxxviii
445 3874 460 3918 4
482 3853 540 3904 adia
558 3860 603 3913 est,
620 3852 687 3916 apud

81 3939 169 3991 Schol.
183 3939 231 3987 Av.
249 3949 310 3998 1555

132 4038 302 4091 Πείσανδρος
310 4036 332 4081 ῖς
340 4037 457 4078 Πακτωλὸν
467 4035 604 4087 ἐστρατεύετο

131 4103 239 4147 κάνταῦθα
253 4102 289 4154 τῆς
301 4100 402 4152 στρατιᾶς
416 4098 516 4142 κάκιστος
529 4096 554 4151 ἦν
568 4095 627 4148 ἀνήρ.

79 4209 181 4260 Eodem
203 4206 308 4256 fortasse
333 4205 432 4268 respicit
452 4203 547 4251 Noster
565 4203 591 4249 in
611 4199 687 4262 Vesp.

79 4286 130 4353 669
141 4300 197 4350 sqq.
212 4291 237 4333 et
248 4283 352 4332 Thesm.
365 4282 411 4329 811
425 4297 489 4345 sqq,
500 4279 557 4327 vide
568 4277 687 4326 Fritzsch.

80 4368 114 4417 ad
138 4366 242 4415 Thesm.
265 4378 291 4427 p.
313 4374 370 4423 313·
405 4360 461 4409 lam
484 4355 636 4422 Olympiade
658 4370 689 4404 xc

80 4446 236 4509 demagogus
247 4447 307 4501 erat,
323 4439 364 4488 Ol.
382 4439 422 4488 xci
438 4454 458 4499 r,
476 4437 502 4486 in
519 4451 605 4485 caussa
622 4433 688 4483 Her·

730 619 922 685 mocopidamm
934 619 1039 680 ζητητής
1048 624 1073 668 et
1086 634 1144 669 mox
1160 620 1255 670 archon
1270 636 1330 685 epo·
1381 670 1384 685 ,

729 711 819 760 nymus
848 705 944 746 creatus
976 704 1025 746 est:
1061 697 1162 761 Olymp.
1191 697 1240 746 xcii
1273 713 1330 746 curn

729 783 829 838 praetor
840 777 907 840 apud
915 776 1018 825 Samum
1024 774 1127 824 haberet
1133 774 1267 824 exercitum
1273 783 1332 839 post

730 851 826 902 cladem
853 853 972 912 Siculam,
997 853 1060 902 cum'
1077 852 1210 902 Alcibiade
1232 854 1283 916 egit
1301 860 1330 902 ut

730 930 908 980 democratiam
920 930 1074 989 dissolveret,
1087 930 1202 993 Thucyd.
1222 942 1277 978 vm
1289 944 1329 994 49,

731 1019 778 1069 533
797 1011 822 1056 in
842 997 892 1077 quo
906 1009 1008 1072 insignis
1026 1009 1078 1057 eius
1093 1023 1170 1072 opera
1183 1015 1207 1056 et
1221 1008 1331 1057 studium

730 1086 784 1144 fuit,
795 1088 823 1135 έκ
828 1089 872 1134 τοῦ
878 1089 1014 1149 προφανοῦς
1028 1087 1200 1148 προθυμότατα
1210 1089 1331 1147 ξυγκαταε

731 1164 807 1213 λύσας
822 1165 864 1213 τόν
880 1165 955 1223 δῆμον
970 1164 1061 1214 dicitur
1074 1163 1218 1227 Thucydidi
1234 1162 1295 1212 ibid.
1308 1179 1331 1212 c.

731 1238 771 1288 68.
806 1238 964 1290 Audioriuit
974 1240 1066 1290 decreti
1084 1256 1134 1305 quo
1149 1240 1332 1304 Quadringenti

731 1318 804 1366 rebus
816 1317 996 1367 constituendis
1006 1318 1162 1382 eligerentur,
1174 1318 1235 1367 ibid.
1251 1334 1273 1367 c.
1287 1316 1328 1380 67,

731 1395 822 1459 quibus
844 1411 901 1444 cum
923 1395 1022 1445 sublata
1044 1395 1180 1459 oiigarchia
1199 1395 1331 1459 imperium

731 1482 795 1524 esset
806 1475 953 1539 abrogatum
965 1474 1100 1524 Deceleam
1117 1491 1144 1524 se
1159 1476 1252 1539 recepit
1270 1474 1331 1524 ibid.

731 1552 764 1616 98
781 1552 897 1615 bonaque
919 1552 971 1601 eius
993 1552 1120 1616 publicata
1139 1558 1204 1611 sunt,
1228 1549 1331 1601 audiore

732 1629 808 1692 Lysia
827 1629 853 1678 in
875 1636 937 1678 orat.
954 1630 984 1677 de
1002 1645 1074 1677 sacra
1093 1631 1170 1689 olea§
1189 1647 1204 1691 4
1224 1645 1250 1693 p.
1272 1628 1328 1679 262.

732 1708 793 1757 Erat
806 1708 951 1757 Pisander
970 1708 1103 1757 timiditate
1114 1707 1210 1771 insigni,
1223 1708 1289 1757 unde
1304 1710 1331 1757 in

732 1785 849 1849 Xenoph.
864 1786 972 1848 Sympos.
986 1797 1008 1833 11
1020 1786 1032 1844 ἓ
1046 1801 1075 1846 14
1088 1785 1218 1849 Phiiippus
1234 1801 1332 1834 scurra:

731 1864 771 1911 καὶ
788 1864 836 1922 μὴν
852 1864 933 1925 ἔγωγε
956 1864 1028 1922 ἡδέως
1046 1861 1077 1911 ἀν
1099 1861 1192 1923 θεῴμην
1213 1862 1334 1911 Πείσαν-

731 1942 796 2002 δρον
817 1944 859 1990 τόν
881 1941 1019 2003 δημηγόρον
1039 1939 1192 2000 μανθάνοντα
1214 1941 1334 2004 κνβιστιδν

731 2020 764 2068 εἰς
774 2020 818 2068 τάς
835 2020 967 2080 μαχαῖρας,
978 2016 1004 2068 ὃς
1015 2020 1056 2067 νῦν
1069 2020 1109 2067 διὰ
1126 2020 1154 2067 τδ
1168 2015 1202 2078 μή
1219 2020 1333 2068 δύνασθαι

731 2098 835 2159 λόγχαις
866 2099 1021 2161 ἀντιβλέπειν
1048 2098 1102 2146 οὐδὲ
1129 2097 1333 2157 συστρατεύεσθαι

732 2176 816 2224 ἐθέλει.
865 2177 934 2224 Hinc
959 2175 1116 2239 proverbium
1150 2176 1334 2237 Πεισάνδρου

732 2254 864 2314 δειλότερος
892 2254 960 2317 apud
988 2253 1125 2302 Suidamr-
1148 2251 1211 2301 conf.
1240 2253 1332 2302 Aelian

731 2331 809 2379 H.A.
826 2341 856 2377 lv
878 2345 900 2380 1.
935 2330 1041 2379 Laetum
1063 2331 1138 2393 igitur
1158 2330 1267 2379 Cornicis
1286 2330 1333 2378 fuit

731 2413 913 2471 argumentum,
924 2408 1051 2471 exquibus
1061 2407 1133 2455 Plato
1140 2409 1236 2470 integra
1247 2407 1332 2456 fabula

722 2485 904 2546 ,Πεισάνδριρ
924 2501 980 2534 eum
1000 2485 1096 2533 notavit
1117 2483 1215 2545 (Cobet.
1232 2484 1284 2532 Obs.
1303 2486 1331 2533 in

731 2563 830 2612 Platon.
842 2578 867 2625 p.
880 2572 926 2623 135
937 2562 996 2625 sq).
1011 2561 1163 2617 Timiditatis
1172 2564 1265 2610 crimen
1275 2577 1331 2610 cum

731 2640 786 2688 aliis
797 2639 958 2703 temporibus,
974 2645 1027 2687 tum
1039 2637 1147 2687 maxime
1156 2639 1197 2688 Ol.
1210 2638 1294 2687 lxxxix
1305 2654 1328 2702 3,

730 2718 834 2774 subiisse
845 2716 950 2776 videtur,
970 2731 1020 2781 quo
1036 2722 1148 2779 ternpore
1166 2716 1333 2766 Athenienses

728 2795 804 2843 finitis
837 2794 944 2843 induciis
973 2808 1065 2842 novam
1093 2793 1277 2857 expeditionem
1305 2794 1331 2844 in

728 2872 842 2921 Thracen
854 2866 983 2936 parabant,
994 2869 1108 2932 Thucyd.
1119 2882 1137 2916 v
1145 2884 1167 2929 a,
1183 2871 1333 2921 Pisander

729 2956 812 2999 autem
834 2948 951 2997 militiam
978 2944 1141 2996 detrediabat.
1178 2947 1261 2996 Docet
1282 2947 1331 2997 hoc

729 3026 873 3090 Xenophon
894 3024 936 3074 tl.
962 3040 1027 3088 quae
1046 3021 1116 3072 dieta
1130 3039 1183 3072 esse
1203 3022 1332 3088 finguntur

729 3107 845 3154 extremis
864 3102 952 3152 diebus
967 3101 1058 3151 mensis
1078 3101 1269 3151 Boedromionis
1289 3103 1331 3152 01.

729 3185 813 3233 lxxxix
836 3198 858 3246 3,
883 3183 973 3232 eodem
991 3182 1067 3245 igitur
1083 3189 1196 3245 tempore
1215 3197 1265 3245 quo
1287 3181 1332 3232 illa

730 3263 923 3312 Atheniensium
940 3260 1066 3325 expeditio
1082 3259 1164 3325 parari
1181 3266 1270 3324 coepta
1284 3266 1330 3311 est.

731 3341 775 3389 Ad
786 3340 854 3389 idem
866 3338 1007 3387 timiditatis
1015 3339 1195 3387 documentum
1202 3338 1332 3403 respicitur

732 3418 789 3466 Pac.
804 3430 858 3480 395,
878 3417 921 3465 ubi
933 3416 1024 3465 chorus
1036 3414 1189 3465 Mercurium
1200 3423 1331 3479 precatur:

780 3528 837 3570 ἀλλά
856 3526 928 3580 χάρισ’
940 3525 956 3569 ὦ
968 3527 1151 3580 φιλανθρωπότατε
1167 3527 1203 3570 καὶ
1215 3530 1333 3582 μεγαλοδω·

1140 3592 1216 3643 ρότατε
1229 3594 1333 3644 δαιμόνων

779 3653 820 3697 εἶτι
837 3652 1009 3705 Πεισάνδρου
1020 3653 1130 3704 βδελύττει
1142 3655 1190 3698 τοὺς
1202 3655 1282 3706 λόφους
1294 3657 1331 3699 καὶ

1138 3715 1175 3761 ris
1189 3716 1262 3769 iilis

730 3839 794 3888 quae
805 3822 894 3871 iisdem
904 3820 982 3870 ferme
993 3818 1148 3883 temporibus
1164 3820 1256 3883 scripta
1275 3827 1331 3869 sunt

730 3900 820 3966 quibus
830 3900 946 3948 militiam
959 3897 1104 3947 Pisander
1114 3911 1175 3960 prae
1188 3898 1277 3946 timore
1288 3898 1330 3947 de·

730 3978 862 4029 trediabat.
883 3978 1014 4026 Praeterea
1022 3975 1098 4025 semel
1108 3973 1253 4022 Pisandri
1262 3974 1331 4039 igna-

730 4059 796 4107 viam
808 4058 879 4116 ridet,
895 4056 936 4105 01.
951 4055 991 4104 xci
1006 4069 1026 4114 r,
1038 4055 1064 4102 in
1075 4052 1174 4101 Avibus
1187 4062 1246 4114 1555
1260 4065 1331 4118 squ:

857 4170 907 4221 πρὸς
919 4169 942 4210 δὲ
954 4167 998 4212 τοῖς
1011 4165 1130 4209 Σκιάποσιν

857 4235 921 4285 λίμνη
934 4247 966 4277 τις
978 4230 1023 4272 ἔστ’
1037 4229 1126 4273 ἄλουτος
1139 4229 1164 4270 οὗ

855 4295 977 4350 ψνκαυυνςῖ
990 4294 1098 4346 &trime

857 4362 907 4403 ἔνθα
919 4360 956 4402 καὶ
968 4358 1129 4409 Πείσανδρος
1142 4354 1193 4409 ἧλδε

857 4425 953 4476 δεόμενος
965 4420 1036 4476 ψυχὴν
1048 4420 1108 4475 ἰδεῖν,
1120 4419 1133 4474 ἢ

690 4528 743 4581 nost
