3262 5254
478 434 992 536 Λυκουργείαὲ-Λυκοάργος

104 610 300 685 quoTheseu's
328 611 395 682 apud
428 608 606 667 Molossorum
627 631 712 682 regem
751 617 871 683 posuisse,
890 633 972 683 neque
994 601 1061 668 enim
1082 616 1190 668 comicos
1207 616 1251 668 sed
1270 606 1358 684 poetas

105 698 300 762 quadriennium
312 696 338 744 in
349 696 454 745 vinculis
471 697 565 760 exegit:
584 701 609 746 et
620 711 712 760 oppor·
752 697 859 761 tragicos
877 696 982 761 parodia
997 696 1071 746 rideri
1089 696 1176 745 solitos
1191 712 1257 746 esse:
1275 697 1358 745 iamsi

106 787 191 825 tunam
201 775 353 825 conciliandi
361 775 453 824 favoris
460 775 616 840 occasionem
624 771 713 822 nadus
753 774 867 823 Eubulus
878 790 949 823 suam
961 775 1091 839 parodiam
1101 774 1200 839 longius
1211 775 1356 836 extenderit,

106 854 188 903 fratris
205 853 310 902 iniurias
329 855 354 900 in
370 851 450 901 filium
466 851 552 901 ulcisci
568 851 713 901 coustituit:
752 858 837 902 tamen
857 868 912 902 eam
931 854 964 902 ab
987 853 1157 918 Aristophane
1179 869 1279 917 quoque
1299 854 1358 902 satis

106 949 165 981 usus
176 932 255 995 igitur
272 929 421 982 Menestheo
439 927 575 994 impulsore
586 928 713 977 Theseum
752 930 827 995 longe
842 932 942 982 extendi
958 947 1059 982 necesse
1076 948 1136 982 esse.
1174 931 1215 981 De
1229 931 1315 996 mytho
1327 932 1357 981 cf.

107 1009 213 1059 eandem
232 1008 308 1067 exilii,
328 1022 392 1071 quae
413 1009 463 1071 ipsi
485 1006 546 1054 Olim
568 1006 713 1069 contigerat,
753 1009 1108 1073 Apollodor.Biblioth.1115
1129 1023 1139 1058 1
1158 1009 1359 1060 Διάνυσος...καθ·

107 1088 191 1137 subire
213 1094 307 1136 sortem
330 1088 419 1150 coegit.
458 1084 527 1133 Hinc
554 1083 714 1148 proverbium
755 1088 834 1148 αρθεὶς
853 1087 899 1136 άπὸ
918 1087 990 1137 Ῥέας
1010 1088 1050 1136 καί
1068 1089 1112 1137 τάς
1131 1088 1234 1137 τελετάς
1251 1084 1361 1147 ἐκμαθὼν

108 1166 208 1213 Δύκου
225 1163 301 1212 dende.
339 1162 382 1210 Ab
401 1162 451 1211 hoc
471 1161 609 1210 Pausanias
622 1172 632 1208 1
646 1176 668 1209 c.
686 1173 715 1225 19
755 1165 795 1212 καί
806 1166 889 1226 λαβὼν
898 1163 955 1228 παρ’
969 1165 1058 1225 ἐκείνης
1069 1167 1114 1225 τὴν
1122 1167 1214 1225 στολὴν
1223 1166 1263 1214 έπί
1272 1164 1361 1216 Ἰνδούς

110 1244 246 1306 Lyceum
256 1240 320 1289 illud
331 1240 488 1289 notissimum
496 1238 716 1287 nominatumesse
755 1241 795 1291 διά
811 1242 855 1301 τῆς
871 1239 967 1303 θρᾴκης
981 1240 1106 1304 ἠπείγετο.
1143 1243 1308 1305 Δυκουργάς
1326 1244 1359 1301 δέ,

109 1320 195 1378 tradit,
210 1333 363 1383 quamquam
373 1333 433 1366 mox
446 1316 473 1365 id
488 1316 602 1381 Apollini
620 1316 724 1379 Lycio,
756 1319 813 1368 παῖς
825 1318 952 1379 Δρύαντος,
962 1316 1076 1367 Ἠδωνῶν
1087 1321 1237 1382 βασιλεύων,Ι
1246 1321 1269 1368 oi
1284 1321 1360 1382 Στρύ-

110 1412 209 1448 sacnrm
238 1395 395 1445 crediderint.
436 1393 488 1443 Sed
514 1393 651 1443 tenendum
677 1400 716 1441 est
755 1413 817 1455 μονα
840 1397 982 1457 παροικοῦσι
1004 1397 1119 1457 τοταμύν,
1144 1399 1239 1457 πρῶτος
1261 1396 1361 1460 ὑβρίσας

111 1474 188 1538 Lyci
199 1474 349 1522 lanum-hoc
361 1472 418 1520 loco
431 1471 598 1536 permansisse
614 1471 717 1535 eiusque
756 1475 871 1537 ἐξέβαλεν
882 1473 962 1523 αύτάν·
981 1474 1022 1522 καὶ
1038 1474 1150 1523 Διόνυσος
1163 1476 1208 1533 μέν
1226 1476 1257 1524 είς
1269 1475 1359 1524 θάλασ-

110 1555 205 1602 vicinia
222 1552 381 1604 disasterium
399 1550 481 1599 fuisse-
492 1549 561 1614 quod
580 1556 685 1598 vocatur
702 1564 718 1597 a
756 1570 803 1602 σαν
814 1553 871 1615 πρὸς
880 1552 951 1600 θέσιν
962 1553 1007 1611 τὴν
1015 1551 1113 1613 Νηρέως
1124 1553 1254 1614 κατέφυγε,
1263 1553 1361 1614 Βάκχαι

113 1631 217 1680 Polluce
228 1630 257 1678 τὸ
270 1630 310 1677 έκί
326 1630 428 1689 Δύκιρκ
441 1628 487 1677 etsi
504 1627 717 1677 Hudtwalckerus
758 1632 784 1681 δέ
802 1631 914 1693 έγένοντο
929 1631 1081 1691 αἰχμάλωτοι
1098 1630 1137 1678 καί
1156 1629 1185 1678 τὸ
1203 1629 1361 1688 συνεπόμενον

111 1710 141 1757 de
152 1709 248 1757 Arbitr.
260 1723 284 1771 p.
300 1722 330 1769 14
340 1712 418 1770 negat
433 1705 496 1754 illud
511 1721 631 1770 umquam
642 1705 718 1754 fuisse
757 1709 872 1770 Σατύρων
892 1708 985 1767 πλῆθος
1003 1706 1077 1767 αύτῷ.
1096 1696 1170 1756 <sollu⁵
1181 1707 1207 1755 δέ
1225 1708 1250 1755 ul
1261 1707 1360 1768 Βάκχαι

112 1785 272 1836 disasterium
281 1784 390 1847 dicitque
398 1791 456 1832 ante
468 1782 588 1847 pleraque
596 1789 639 1831 aut
648 1797 718 1846 prae·
758 1785 1021 1845 ἐλύθησαν-ἐξαίφνης,
1043 1785 1206 1845 Λυκούργῳ
1228 1785 1254 1833 δέ
1274 1786 1361 1845 μανίαν

112 1864 190 1928 cipua
212 1862 372 1911 Athenarum
387 1860 519 1910 disasteria
539 1860 614 1924 Lyci
636 1859 718 1909 herois
757 1864 858 1922 ἐποίησε
870 1862 990 1913 Διόνυσος·
1008 1862 1059 1912 ddi
1069 1863 1178 1923 μεμῃκὼς
1194 1862 1306 1924 Δρύαντα
1319 1864 1362 1913 τὸν

112 1941 154 1991 vel
166 1947 260 1989 statuas
271 1939 311 1988 vel
325 1937 418 1987 sacella
429 1936 515 2000 (ἡρῷα)
529 1937 614 2001 posita
627 1936 718 1986 fuisse:
758 1942 843 2001 παῖδα,
858 1941 970 2000 άμτέλου
987 1940 1087 2000 νομίζων
1101 1941 1184 2000 κλῆμα
1201 1939 1305 2002 κάπτειν,
1318 1958 1361 1990 πε·

107 2017 145 2068 Ὦ
164 2019 240 2067 Λύκε
256 2017 371 2076 δέσποτα,
385 2015 475 2077 γείτων
485 2011 547 2077 ἥρως
562 2015 639 2078 Vesp.
656 2015 720 2079 3895¹
759 2018 824 2067 λέκει
847 2019 941 2078 πλήξας
968 2018 1094 2067 άκέκτεινε
1116 2019 1156 2066 καί
1180 2019 1362 2081 ἀκρωτηριάσας

115 2094 252 2155 Philoclen,
273 2110 330 2144 cum
347 2106 420 2143 suum
437 2094 486 2142 sibi
502 2092 612 2143 tribunal
631 2091 720 2142 consti·
759 2095 844 2144 ἑαυτὸν
866 2094 1028 2156 ἐσωφρόνησε.
1068 2096 1111 2153 τῆς
1134 2095 1160 2144 δέ
1182 2097 1229 2157 γῆς
1251 2097 1362 2160 ἀκάρπου

115 2180 179 2233 tuat,
194 2173 268 2237 Lyci
279 2171 438 2221 simulacrum
450 2169 529 2219 hlium
541 2169 655 2234 poscito.
671 2171 719 2234 819
758 2174 874 2232 μενούσης
908 2174 1011 2235 έχοησεν
1039 2173 1051 2223 ά
1085 2175 1138 2223 θεὸς
1169 2175 1363 2237 καρποφορήσειν

117 2254 211 2315 θήρῷον
228 2254 252 2301 εί
271 2267 322 2302 πως
343 2252 480 2310 ἐκκομίσαις
498 2247 529 2298 τά
551 2248 596 2299 τοῦ
614 2249 716 2299 Λύκου.
760 2252 842 2312 αύτήν,
857 2251 886 2298 dr
902 2252 1031 2313 θανατωθῇ
1052 2252 1227 2314 Λυκοῦργος.
1260 2251 1362 2303 Ἠδωνοὶ

117 2332 185 2380 Vide
196 2346 215 2379 s.
225 2345 250 2378 n.
263 2326 419 2394 Κλεάυυμος
759 2328 941 2378 δέ-άκούσαντες
953 2329 984 2378 είς
995 2328 1024 2377 τύ
1035 2329 1167 2390 Παγγαῖον
1178 2330 1251 2378 αύτάν
1261 2331 1360 2392 άπαγα·

167 2404 399 2472 Λυκουργείαικαί
411 2403 618 2466 σίύνεάνις,ἥτις
627 2403 654 2466 εί,
665 2403 719 2453 κατ’
759 2406 843 2466 γάντες
864 2405 916 2468 άρος
943 2406 1039 2469 έύησαν,
1063 2407 1133 2455 κάκεῖ
1156 2408 1220 2455 κατὰ
1248 2408 1364 2457 Διονύσου

115 2487 241 2546 Δίσχύλον
255 2486 282 2533 έκ
293 2486 336 2544 τῆς
347 2485 507 2547 Λυκουργείας
522 2484 619 2546 ἐρέσθαι
634 2484 720 2546 βούλο·
759 2485 876 2546 βούλησιν
900 2483 946 2531 ὑπὸ
974 2484 1055 2531 ίππων
1082 2484 1222 2545 διαφθαρείς
1247 2486 1361 2537 άπέθανε.

114 2580 160 2623 μαι
187 2563 308 2611 ίποδαπὸς
326 2561 455 2623 hylariae
469 2563 509 2611 ’τίς
530 2562 627 2624 πάτρας
649 2559 722 2619 stu)
761 2560 804 2609 Sic
825 2559 983 2624 appellavere
1003 2565 1054 2609 tres
1076 2560 1196 2622 Aeschyli
1223 2563 1363 2625 tragoedias

117 2639 223 2699 στολή;’
239 2639 287 2688 Th
312 2650 360 2700 135-
375 2639 419 2687 ubi
440 2638 524 2688 Schol.
543 2639 588 2698 rhu
604 2639 720 2700 τετραλο·
757 2635 884 2696 Ἠδωνούς,
899 2636 1058 2699 Βασσαρίδας,
1078 2637 1230 2699 Νεανίσκους,
1244 2640 1363 2703 quemad·

115 2719 174 2779 γίαν
185 2718 254 2778 λέγει
270 2717 462 2778 Δυκουργίαν,
479 2716 606 2776 Ἠδωνούς,
622 2717 720 2765 Barra-
761 2718 864 2766 modum
876 2717 1041 2780 Agamemno,
1054 2716 1223 2780 Choephoroe
1234 2725 1258 2766 et
1270 2718 1363 2769 Eume·

115 2798 191 2858 ρίδας,
211 2796 362 2854 Νεανίσκους,
377 2796 545 2858 Λυκοῦργον
563 2797 606 2844 τὸν
622 2811 719 2857 σατυρι·
761 2791 969 2853 ηὶάεοὊρέστεια
980 2793 1138 2858 appellantur

118 2875 166 2923 κάν.
191 2875 260 2936 λέγει
276 2875 301 2922 δέ
317 2875 343 2921 έν
361 2875 412 2922 τοῖς
427 2872 539 2922 Ἠδωνοῖς
556 2873 593 2936 (ht
609 2874 649 2937 59)
662 2873 721 2934 πρὸς
810 2870 980 2937 Λακαΰργοςε
1004 2873 1051 2934 ἶβις
1073 2872 1233 2935 Λυκούργῳ
1252 2871 1293 2936 (ἥν
1310 2875 1363 2924 ποί·

117 2954 160 3001 τὸν
168 2953 340 3012 συλληφθέντα
348 2951 462 2999 Διύνυσον
473 2951 698 3012 (ποδαπύςὸγύννις
704 2949 720 3010 ;’
761 2950 832 3013 νομα)
845 2951 893 2999 Αυ.
912 2948 982 3013 1296.
1017 2949 1081 3011 Quis
1099 2949 1172 2999 suerit
1190 2951 1237 3000 iste
1256 2952 1364 3016 Lycur-

119 3031 248 3093 lntegrum
270 3044 368 3077 versum
386 3044 420 3076 eu
439 3027 567 3091 Aeschylo
586 3027 720 3091 repetitum
762 3044 821 3093 gus,
837 3044 912 3093 quem
930 3029 971 3077 hic
986 3028 1100 3077 defricuit
1114 3029 1230 3091 comicus,
1244 3038 1286 3080 aut
1298 3032 1364 3081 uude

118 3123 173 3156 esse
195 3105 359 3170 probabiliter
381 3107 445 3155 coni.
472 3105 597 3168 Bdttiger:
626 3104 722 3153 maiora
762 3107 927 3157 deduceretur
937 3106 1012 3155 ibidis
1028 3105 1163 3154 ludibrium
1177 3114 1202 3157 et
1214 3106 1365 3158 contumelia

119 3185 223 3234 molitur
246 3183 396 3232 Fritzschius
419 3183 445 3231 in
467 3183 523 3247 lp.
547 3192 652 3244 44-47‚
678 3181 721 3246 qui
763 3184 944 3235 siveiueritob
960 3200 1059 3234 crurum
1075 3184 1248 3249 gracilitatem,
1262 3193 1289 3234 ut
1301 3202 1365 3236 non·

118 3264 292 3313 demonstrare
311 3268 414 3310 conatur
435 3260 574 3325 longiorem
594 3276 647 3310 esse
664 3260 721 3309 Ari-
763 3263 827 3313 nulli
854 3263 1033 3323 existimarunt,
1060 3263 1113 3312 sive
1140 3270 1243 3328 propter
1269 3265 1365 3328 generis

118 3340 250 3404 stophanis
272 3339 407 3403 parodiam.
429 3347 453 3388 et
481 3355 526 3403 per
552 3336 611 3397 odio
638 3353 722 3388 versus
763 3341 972 3406 peregrinitatem,
993 3346 1021 3389 ut
1039 3340 1094 3390 aliis
1117 3342 1200 3405 potius
1217 3345 1298 3392 visum
1318 3351 1362 3405 est,

119 3433 198 3481 usque
218 3417 251 3465 od
271 3432 293 3465 v·
317 3416 492 3478 144extend1'3
515 3415 723 3479 scholiastamque
764 3421 816 3470 sive
827 3419 934 3481 denique
952 3418 1020 3482 quod
1035 3421 1087 3467 vita
1103 3426 1128 3467 et
1143 3420 1254 3470 moribus
1266 3422 1365 3486 Aegyp·

119 3495 182 3544 nihil
198 3511 230 3545 ex
247 3494 343 3543 Edonis
359 3495 407 3543 nisi
423 3494 472 3543 hoc
489 3494 575 3542 afferre
591 3493 725 3542 ποδαπὸςά
764 3500 814 3546 tios
834 3495 973 3555 referebat3
1001 3511 1031 3544 ea
1052 3496 1139 3560 utique
1160 3499 1245 3547 omnia
1267 3505 1292 3547 et
1319 3516 1366 3563 ego
1415 3508 1417 3512 '

118 3577 206 3637 γύννις,
228 3589 280 3622 non
302 3589 352 3637 quo
374 3589 474 3622 omnem
494 3573 624 3637 parodiam
647 3572 725 3620 tribus
765 3573 849 3622 nescio
865 3578 891 3621 et
908 3572 1002 3635 posteri
1018 3572 1121 3621 fortasse
1133 3576 1271 3624 nescibunt.
1305 3577 1367 3627 Non

119 3654 188 3702 hisce
206 3651 302 3701 voculis
322 3658 435 3701 constare
458 3658 567 3700 censeret
590 3651 634 3700 sed
656 3651 725 3715 quod
765 3650 812 3699 suit
830 3655 897 3698 certe
917 3648 1072 3712 Lycurgus
1092 3657 1255 3712 matoneum
1270 3654 1367 3703 Aristo·

119 3731 259 3796 longiorem
269 3730 387 3792 Aeschyli
398 3729 570 3778 locumnollet
576 3729 723 3778 describere.
765 3728 860 3792 phanes
876 3726 941 3776 hanc
951 3725 1062 3774 fabulam
1078 3720 1191 3776 docuerit
1208 3736 1266 3777 ante
1279 3738 1367 3780 natum

121 3809 232 3872 Collegit
245 3807 294 3856 hoc
306 3823 336 3856 ex
349 3807 425 3870 longa
436 3805 480 3854 illa
496 3806 615 3870 parodiae
629 3805 725 3869 praela·
766 3806 908 3869 Lycurgum
919 3809 962 3851 aut
979 3809 1044 3851 certe
1059 3803 1127 3867 prius
1144 3820 1220 3868 quam
1235 3808 1261 3853 in
1277 3806 1366 3870 repub·

120 3890 189 3936 tione
200 3902 242 3934 vss
257 3899 310 3947 134,
327 3895 380 3945 135,
395 3883 486 3933 deinde
496 3899 528 3931 ex
541 3890 596 3933 tota
607 3882 726 3932 orationis
765 3884 814 3932 lica
831 3888 975 3932 versaretur
1003 3892 1121 3930 TAYLOR.
1139 3882 1248 3945 praefat.
1267 3884 1304 3930 ad
1317 3885 1366 3947 Ly-

121 3963 320 4013 conformatione
353 3961 531 4025 vocabulisque
561 3961 676 4024 κροκωτιγῖ
701 3967 726 4010 et
765 3977 832 4026 curg.
848 3977 873 4025 p.
893 3975 939 4008 rro
956 3959 995 4008 ed.
1011 3959 1097 4008 Reisk.
1135 3959 1186 4009 Sed
1202 3963 1369 4012 verosimilli-

121 4045 211 4104 ξίφους,
223 4042 330 4105 denique
346 4057 377 4090 ex
394 4040 543 4089 scholiastae
558 4040 679 4089 memoria
693 4039 726 4088 ad
766 4056 835 4090 mum
846 4044 890 4099 est,
905 4039 940 4087 ita
957 4054 1014 4088 eum
1028 4037 1149 4103 appellari
1163 4038 1199 4087 ob
1214 4038 1367 4104 Aegyptiam

121 4137 144 4172 v.
162 4131 208 4182 137
224 4121 332 4168 ἐντεῦθεν
348 4120 393 4178 τὴν
411 4119 489 4179 ἀρχὴν
505 4119 627 4180 Ιύύβουλος
644 4117 725 4175 droth
767 4114 887 4181 originem
897 4132 973 4181 quam
982 4119 1005 4165 ei
1016 4116 1109 4181 probm
1120 4115 1240 4165 dederant
1252 4117 1368 4170 Cratinus

123 4215 185 4247 σατο
203 4198 248 4246 τοῦ
262 4198 393 4256 Διονυσίου,
412 4198 445 4244 τά
464 4195 565 4255 ἀνόμοια
584 4196 633 4243 τῶν
653 4195 678 4242 έν
693 4194 726 4256 τῇ
767 4193 874 4256 Δηλιάσι
889 4196 934 4244 Fr.
958 4208 968 4243 1
988 4193 1100 4242 Meinek.
1120 4205 1142 4241 11
1159 4209 1185 4256 p.
1202 4208 1240 4256 31,
1260 4195 1303 4244 ubi
1320 4199 1368 4247 vir·

123 4275 249 4325 Διονυσίου
260 4275 323 4336 ulula
334 4274 487 4335 καταλέγων·
501 4274 542 4321 έκί
550 4273 627 4321 πλέον
636 4273 724 4331 μέντοι.
767 4273 832 4338 ginis
843 4270 990 4334 διφροφόρου
1000 4269 1067 4319 vices
1079 4268 1162 4318 subire
1173 4269 1272 4319 iubetur
1284 4274 1369 4339 (elige-

123 4354 252 4405 Eubulum
269 4353 336 4404 enim
350 4353 471 4417 Aeschyli
486 4368 537 4402 non
549 4348 727 4416 Aristophanis
767 4351 859 4399 bantur
877 4340 964 4398 autem
981 4346 1122 4408 διφροφόροι
1141 4362 1172 4395 ex
1190 4342 1368 4412 inquilinorum

123 4433 266 4498 exemplum
282 4432 351 4498 quod
367 4431 418 4482 alio
435 4431 594 4495 detorqueret
610 4429 658 4481 sibi
671 4445 727 4495 pro·
768 4424 877 4488 filiabus)
890 4423 1025 4475 calasiride
1042 4428 1111 4474 veste
1126 4422 1282 4490 Aegyptiaca
1297 4429 1371 4479 indu.

723 4521 775 4576 (883)
