3276 5268
495 438 956 530 Aioxivqc-ss--Aioxzihoc

105 646 116 671 ,-
145 612 298 680 Αἰσχῦηςι
317 614 458 678 Hesychius
469 631 513 667 s.v.
527 612 701 682 πισελλίπαίι

95 689 233 758 Αἰσχίνης
255 709 291 743 τις
315 693 409 755 ὑπῆρχε
432 694 528 741 Σέλλου
550 695 701 752 καλούμενος,

97 771 194 827 ἀλάζων
217 772 257 819 καί
277 774 303 819 έν
321 772 357 831 τοῦ
376 772 533 832 διαλέγεσθαι
556 773 595 819 καί
619 772 644 819 έν
665 771 701 830 τῷ

96 848 283 907 προσποιεῖσθαι
309 849 426 907 πλουτεῖν,
451 849 577 907 πενόμενος
596 849 623 899 δὲ
646 846 698 896 καθ’

45 940 47 944 ·
97 924 243 986 ὑπερβολήν,
272 925 302 974 ὡς
329 926 384 974 τοῦς
413 925 596 987 παραπλησίους
623 927 703 986 τούτῳ

98 1003 233 1051 καλεῖσθαι.
280 1003 381 1052 Nomen
409 1010 493 1051 autem
523 999 621 1059 Σέλλος
649 1005 700 1051 sive

97 1080 206 1137 Σέλλιος,
223 1081 339 1139 Σελλεός,
354 1081 459 1139 Σέλλιος,
476 1080 578 1129 Σιλλεός
594 1081 701 1149 antiqui·

96 1163 137 1204 tus
149 1157 181 1204 ad
193 1157 330 1205 notandam
341 1156 540 1220 importunorum
552 1172 700 1220 pauperum·

47 1270 51 1278 .
96 1232 701 1296 quehomfflumhrrwxaltaimuv)ostentationem

97 1317 121 1358 et
133 1308 279 1358 iadiantiam
295 1311 413 1360 usitatum
431 1311 505 1360 fuisse
521 1312 700 1360 demonstravit

3 1398 6 1403 ·
97 1388 218 1436 Meineke
233 1388 260 1436 sr.
280 1403 343 1437 com.
360 1388 418 1452 11'p.
431 1390 486 1450 585.
525 1390 594 1437 Hinc
610 1389 699 1438 sorma-

97 1473 151 1513 tum
171 1466 273 1513 verbum
294 1463 459 1524 σελλίζεσῦαι
479 1465 624 1529 (Ρίιτγηίεὴ.
643 1467 699 1527 sr.5

97 1544 249 1604 σεοελλίσαι)
260 1545 293 1591 ‘to
300 1545 371 1607 affici
382 1561 416 1592 ανι
424 1547 577 1593 orientalibus
584 1543 700 1608 poverty)

97 1619 151 1671 Τόν
163 1619 263 1671 Σέλλου
274 1625 359 1671 τοῦτον
369 1625 411 1671 τὸν
424 1625 608 1685 ψευδαμάμαξυν
620 1624 696 1688 Vesp.

99 1712 162 1761 3253
180 1701 220 1747 καί
235 1702 265 1748 σό
276 1702 388 1764 προσθεὶς
402 1702 547 1763 Αἰσχίνην
558 1702 645 1761 ἔντυφε
659 1704 701 1750 τὸν

98 1777 250 1837 Σελλαρτίου
269 1778 304 1827 ib.
326 1793 374 1841 459
395 1778 448 1837 (ubi
472 1779 556 1828 Schol.
582 1779 635 1826 ἀντί
657 1781 700 1827 τοῦ

98 1858 190 1905 καπνόν
208 1858 284 1905 εἰπεῖν
301 1858 317 1916 ἢ
335 1859 382 1917 πῦρ
399 1857 541 1918 (Αἰσχίνην
559 1859 631 1918 εἶπεν,
646 1861 699 1906 έπεί

98 1933 221 1984 ’Καπνόά
232 1935 360 1997 ἐκαλεῖτο).
382 1936 413 1983 In
422 1953 443 1983 v.
456 1950 518 1983 1220
529 1937 700 1986 Aeschines

97 2012 200 2076 quidam
217 2027 335 2060 unacum
349 2012 457 2071 Theoro,
469 2011 596 2060 adulatore
614 2012 699 2076 procul

97 2090 182 2149 dubio,
204 2090 306 2146 Cleone,
326 2089 412 2137 Phano
429 2097 581 2138 memoratus
598 2099 701 2154 propter

97 2167 196 2216 sodales
214 2167 312 2215 videtur
329 2166 449 2214 όΣέλλου
465 2182 525 2226 esse,
542 2168 605 2226 μετὰ
615 2169 701 2216 τοῦτον

50 2278 57 2291 .
97 2242 329 2305 Αἰσχίνης-κάτ’
348 2242 434 2305 ᾅσεται
454 2239 585 2305 ζ’χρήματα
603 2245 700 2304 κ.τ.λ.’;

98 2322 147 2369 Av.
162 2321 207 2367 822
229 2319 444 2380 Νεφελοκοκκυγία
459 2320 497 2367 ἰνα
511 2322 550 2367 καί
568 2322 600 2368 τό
611 2321 699 2382 θεογέ-

97 2416 149 2448 νους
160 2400 193 2447 τὰ
204 2399 288 2446 πολλά
304 2398 420 2460 χρήματα
437 2396 469 2445 τά
481 2396 505 2445 τΙ
519 2399 663 2459 Αἰσχίνου
673 2397 698 2460 γ’

98 2477 196 2527 ἅπαντα

146 2550 303 2617 Αἰσχυλοςε
325 2553 559 2615 ‘Quemadmodum
571 2552 597 2600 in
608 2555 699 2602 Βατία·

96 2631 206 2679 lentibus
224 2631 259 2691 τῷ
279 2632 430 2692 καταπόγονι
449 2632 492 2678 τόν
509 2632 621 2691 σώφρονα
632 2638 656 2679 et
673 2631 700 2679 in

96 2708 213 2759 Nubibus
230 2710 266 2770 τῷ
285 2711 358 2770 ἀδίκῳ
374 2711 416 2758 τόν
431 2709 519 2756 δίκαιον
537 2710 610 2770 λόγον
621 2724 699 2772 oppo-

97 2794 182 2836 suerat
194 2787 384 2850 Aristophanes,
400 2786 435 2834 sic
451 2787 477 2834 in
493 2787 575 2834 Καναῖα
587 2785 701 2849 Euripidi

97 2868 216 2929 opposuit
237 2864 432 2927 Aeschylum,
453 2880 503 2927 quo
520 2863 561 2912 vix
578 2863 701 2927 aptiorem

97 2959 230 3006 personam
253 2945 374 3005 potuisset
395 2942 510 3005 deligere.
548 2942 608 2989 Non
630 2941 701 2990 facile

745 615 840 665 Mortui
851 618 918 665 enim
930 621 1000 664 erant
1012 624 1042 664 eo
1054 620 1165 679 tempore
1176 614 1289 681 plerique
1299 616 1346 666 riri

743 695 787 741 τοῦ
803 694 908 741 παλαιοῦ
924 693 1052 751 κόμματος,
1070 692 1145 756 inque
1161 709 1246 741 eorum
1261 693 1346 742 locum

743 779 892 820 successerat
904 786 968 818 nova
980 770 1085 829 suboles,
1101 785 1163 832 quae
1175 773 1225 818 iam
1238 786 1269 819 το
1275 772 1346 820 annis

743 855 815 899 antea
827 847 981 911 Aeschylum
991 863 1050 911 prae
1068 847 1188 911 Euripide
1205 855 1345 898 contemne·

743 926 793 985 bat,
816 933 843 973 ut
864 932 959 973 constat
979 940 1009 973 ex
1027 924 1095 972 Nub.
1122 923 1182 986 1365
1195 940 1248 988 sqq.
1284 921 1360 974 Non'

743 1003 796 1055 sine
806 1018 879 1052 causa
887 1002 961 1065 igitur
969 1002 1149 1065 Aristophanes
1157 1002 1345 1065 Aeschylum

742 1079 843 1142 delegit,
855 1079 898 1143 qui
910 1095 966 1127 cum
981 1079 1101 1142 Euripide
1118 1079 1150 1127 de
1168 1079 1307 1143 principatu
1319 1080 1345 1128 in

743 1157 826 1206 inseris
843 1157 1002 1206 contenderet
1019 1165 1044 1205 et
1053 1157 1113 1204 'eius
1130 1164 1208 1205 artem
1220 1156 1345 1206 cavillare-

743 1239 797 1281 tur:
818 1249 865 1282 nec
883 1241 966 1283 tamen
985 1234 1066 1297 ipsum
1086 1234 1139 1282 sine
1160 1243 1221 1283 nota
1240 1234 1341 1294 dimisit,

743 1311 787 1358 sed
803 1327 849 1374 per
860 1302 1014 1375 Euripidem,
1029 1327 1092 1375 quae
1109 1312 1135 1359 in
1147 1328 1177 1360 eo
1189 1312 1270 1359 minus
1287 1327 1345 1376 pro·

742 1387 820 1447 baret,
834 1387 912 1436 libere
923 1388 1030 1452 exponit.
1064 1389 1094 1437 ln
1106 1389 1260 1455 Aeschylo
1271 1389 1346 1452 igitur

743 1464 855 1513 exhibuit
866 1465 999 1528 imaginem
1011 1465 1056 1513 viri
1073 1468 1117 1513 τοῦ
1133 1469 1239 1514 παλαιοῦ
1256 1468 1346 1526 κόμμα·

742 1558 791 1601 τος,
815 1542 917 1604 genuini
939 1542 1206 1601 Marathonomachae3
1228 1547 1284 1607 pius
1307 1552 1344 1592 est

743 1619 817 1681 (Ran.
831 1617 896 1678 886),
915 1618 1065 1689 probitatem
1077 1618 1136 1668 colit
1150 1626 1175 1668 et
1189 1627 1255 1668 totus
1267 1623 1343 1683 spirat

742 1697 851 1745 bellum:
875 1697 941 1745 idem
960 1697 1100 1746 iracundior
1114 1705 1151 1745 est
1170 1705 1195 1746 et
1213 1697 1284 1746 facile
1303 1706 1346 1747 ex*

743 1776 883 1831 candescit.v
894 1775 975 1839 siquid
992 1777 1073 1824 minus
1089 1784 1187 1840 gratum
1206 1777 1297 1834 audiat,
1316 1783 1343 1825 ut

742 1869 837 1913 omnes,
854 1853 897 1916 qui
914 1869 944 1902 ex
959 1853 1036 1902 veteri
1052 1853 1096 1901 illa
1114 1853 1246 1918 disciplina
1261 1855 1348 1918 prodi*

743 1939 820 1990 erant,
835 1931 860 1979 hi
872 1932 938 1980 enirn
950 1932 1064 1980 solebant
1140 1951 1144 1957 ·
1181 1948 1184 1953 ’
1226 1954 1229 1961 ·

776 2023 824 2071 τοῖς
841 2023 948 2086 αἰσχροῖς
961 2023 1118 2083 αἰσχύνεσθαι
1134 2023 1178 2076 κάν
1192 2040 1227 2073 τις
1242 2023 1345 2084 σκιόπτη

788 2154 789 2157 ¹
994 2118 1023 2149 σε
1034 2102 1179 2163 φλέγεσθαι,

743 2195 770 2245 ut
782 2193 816 2238 ait
829 2190 841 2238 ό
853 2191 941 2240 δίκαιος
952 2190 1023 2250 λόγος
1036 2191 1104 2239 Nub.
1115 2205 1177 2255 9923
1189 2191 1264 2241 habet
1277 2192 1345 2241 deni·

744 2283 792 2331 que
809 2270 899 2327 ξύνεσιν
915 2269 1077 2331 ἠκριβωμένην
1094 2268 1170 2330 (Ran.
1187 2272 1256 2330 1483,
1273 2269 1347 2334 1490)

743 2352 768 2394 et
779 2353 860 2394 servat
872 2346 998 2394 civitatem
1010 2348 1116 2407 γνωμαῖς
1128 2348 1232 2407 ἀγαθαῖς
1248 2346 1341 2408 (1502).

744 2422 838 2483 Quanti
855 2423 1035 2487 Aristophanes
1053 2427 1105 2473 eius
1125 2425 1212 2488 poesin
1232 2425 1347 2477 aestima«¹

743 2500 805 2548 verit
823 2500 938 2563 cognosci
956 2508 1037 2564 potest
1049 2517 1063 2549 e
1077 2501 1164 2563 fragm.
1177 2516 1214 2560 cx,
1229 2501 1272 2548 ubi
1289 2500 1344 2564 pul-

743 2577 863 2626 cherrime
870 2578 931 2625 dixit
944 2593 974 2626 eo
982 2585 1080 2626 mortuo
1089 2578 1203 2626 tenebras
1215 2594 1260 2641 per
1268 2585 1345 2625 terras

742 2655 842 2703 obortas
853 2671 906 2703 esse
918 2655 1067 2716 (τεθνηκότος
1079 2655 1163 2704 σκότος
1174 2654 1250 2714 εἰναι).
1285 2655 1347 2702 Erat

741 2739 817 2795 poeta
837 2733 990 2794 ἐριβρεμέτας
1009 2733 1051 2796 qui
1070 2733 1168 2795 ,όηματα
1189 2735 1345 2793 γομφοπαγῆ

741 2810 771 2858 ia
782 2812 882 2872 γηγενεΐ
898 2811 1023 2869 φυσήματι
1040 2810 1080 2868 (R.
1097 2811 1161 2871 823),
1175 2809 1243 2857 cuius
1259 2818 1344 2858 tamen

741 2888 953 2951 magniloquentia
964 2896 988 2936 et
1000 2888 1076 2937 verba
1085 2888 1229 2952 ampullata,
1239 2888 1342 2951 grandia

740 2973 765 3014 et
777 2966 890 3014 sonantia
906 2966 1001 3030 optime
1017 2966 1197 3015 conveniebant
1212 2966 1343 3014 sententia·

98 3026 166 3073 enim
178 3022 428 3086 qnisquamtfagicus
445 3022 702 3110 ‘epefifetuhquiin‘
741 3060 794 3092 rum
806 3045 952 3093 sublimitati
972 3045 1013 3104 (R.
1031 3044 1110 3108 1059).
1146 3043 1343 3095 Nimiustamen

99 3102 176 3165 ἕθῃέθ
188 3108 212 3150 et
223 3101 294 3164 poesi
305 3101 384 3164 magis
400 3101 432 3148 ab
445 3101 566 3163 Euripffle
577 3100 700 3163 ‘mereim'
741 3129 792 3170 erat
812 3122 838 3170 in
857 3122 906 3170 hoe
929 3123 1011 3170 studio
1033 3121 1238 3185 magnificentiae,
1259 3120 1294 3169 ita
1316 3127 1343 3168 ut

97 3188 149 3240 ret;
167 3188 296 3244 praeterea
307 3179 487 3242 Aeschylus,
502 3181 544 3242 qui
556 3178 701 3266 aequalibus
740 3214 792 3248 non
807 3199 936 3251 hominum
954 3216 1022 3249 more
1038 3201 1084 3249 qe·
1098 3200 1227 3264 perspicue
1244 3197 1344 3260 (ὼρρω,

97 3259 148 3307 suis
167 3258 257 3345 eiimif
275 3258 408 3320 Placuerat
422 3263 450 3304 ut
466 3255 505 3304 vel
523 3272 632 3323 ,camma
648 3258 701 3304 eius
742 3278 822 3338 τείως)
834 3277 976 3342 loqueretur
989 3278 1031 3337 (R.
1048 3278 1118 3339 1058)
1130 3278 1174 3326 sed
1188 3278 1243 3326 'eius
1260 3277 1345 3340 lingua

97 3338 124 3383 1¹¹
144 3338 397 3421 ⁰0¹¹V5V¹1⁵¹⁰³Pefent
420 3333 499 3394 (Nm
521 3330 590 3395 '365⁹
611 3333 640 3381 ff·
658 3332 700 3396 93)
740 3353 814 3403 nimis
823 3356 927 3418 prodiga
934 3363 958 3403 et
966 3355 1066 3404 infrenis
1074 3355 1149 3414 fieret,
1161 3355 1229 3420 quod
1237 3354 1345 3403 maxime

96 3409 249 3460 labesafflta
260 3411 391 3475 ‘¹¹⁵0th
402 3410 510 3459 Athenis
522 3417 636 3500 cf'epefat
648 3426 700 3498 ⁸⁰¹*
742 3434 888 3482 cernebatur
904 3451 960 3483 curn
980 3434 1005 3481 in
1024 3434 1151 3483 vocabulis
1169 3434 1216 3482 illis
1234 3432 1345 3481 molestis

97 3490 170 3539 dere:
189 3497 263 3552 atque
282 3490 346 3538 adeo
363 3486 430 3537 redie
448 3503 542 3536 censen
559 3495 657 3552 poterat
674 3504 701 3537 m
743 3509 882 3573 (ἐπαχρρσχ
894 3528 958 3576 quae
969 3528 1043 3562 nemo
1060 3512 1220 3575 intellegebat
1238 3511 1280 3573 (R,
1297 3524 1345 3575 923

97 3567 182 3615 inseris
199 3567 257 3614 odio
274 3569 387 3615 incensus
404 3582 458 3615 esse
474 3569 500 3613 in
518 3563 654 3625 audiorem,
674 3573 701 3614 ut
741 3588 841 3651 ,94οχ
863 3588 952 3651 quibus
971 3588 1090 3651 tragicam
1110 3595 1188 3637 artem
1208 3594 1344 3636 tumentem

97 3644 211 3708 putabat,
222 3644 331 3692 novitiae
349 3644 501 3707 disciplinae,
522 3644 591 3692 cuius
607 3644 702 3692 alumni
742 3679 769 3712 se
781 3664 904 3728 accepisse
922 3665 1031 3728 queritur
1043 3665 1182 3728 Euripides,
1197 3670 1251 3712 tum
1263 3664 1288 3711 qn
1300 3664 1344 3712 ob,

97 3722 180 3786 ipsum
196 3738 256 3785 prae
274 3722 321 3770 isto
338 3721 505 3784 neglegerent,
540 3722 606 3769 Eum
617 3728 700 3770 autem

97 3815 149 3849 non
160 3798 268 3863 amplius
286 3802 313 3846 in
328 3799 417 3847 eodem
429 3798 522 3847 honore
538 3799 605 3862 apud
622 3798 702 3846 Athe·

98 3877 197 3926 nienses
208 3877 283 3925 fuisse
294 3893 344 3940 quo
356 3885 468 3939 tempore
479 3878 568 3924 Ranae
584 3875 702 3924 doceren·

97 3960 146 4011 tur,
161 3957 220 4003 satis
231 3961 285 4002 tuto
301 3953 425 4016 colligitur
436 3969 466 4002 ex
479 3954 542 4001 Ran
559 3953 605 4014 807
618 3960 642 4001 et
655 3952 702 4017 809

97 4031 142 4079 ubi
153 4031 187 4080 ad
198 4031 336 4080 Xanthiam
348 4033 447 4080 Aeacus
458 4031 493 4081 ait

99 4128 102 4134 ’
131 4134 188 4182 οὔτε
198 4136 248 4196 γάρ
262 4134 408 4194 Ἀθηναίοισι
419 4133 537 4198 συνέβαιν’
550 4134 700 4195 Αἰσχύλος

3 4256 122 4311 >et

130 4350 204 4413 λῆρόν
214 4368 242 4398 τε
253 4349 323 4400 πάλλ’
337 4350 421 4414 ἡγεῖτο
432 4352 476 4402 τοῦ
487 4352 576 4412 γνῶναι
589 4351 642 4413 πέρι

130 4429 214 4501 φύσεις
226 4429 340 4489 ποιητῶν,
397 4495 401 4500 ,

742 3741 858 3789 scuritate
870 3741 1001 3795 orationis:
1019 3741 1149 3796 eratenim
1331 3794 1334 3799 ¹

792 3831 889 3891 ἀσαφὴς
900 3833 925 3878 έν
936 3830 968 3894 τῇ
984 3831 1072 3895 φράσει
1085 3832 1134 3878 τιῦν
1145 3829 1295 3891 πραγμάτων

742 3938 767 3981 et
777 3948 829 3981 non
840 3932 899 3981 satis
910 3933 1064 3996 singulorum
1075 3933 1208 3983 verborum
1219 3934 1270 3980 vim
1281 3948 1344 3995 pon*¹

742 4010 852 4060 derabat.
888 4012 958 4065 Hinc
976 4027 1027 4060 non
1047 4012 1100 4061 sine
1119 4026 1193 4061 causa
1211 4010 1345 4073 Euripides

742 4104 799 4141 eum
811 4089 921 4153 appellat
933 4090 1007 4151 (Rau.
1020 4089 1079 4152 837)

776 4180 900 4242 ἀνθρωπον
912 4180 1060 4242 ἀγριοποιόν,
1070 4178 1258 4238 αὐθαδόστομον,
1294 4192 1297 4198 ·

775 4259 855 4319 ἔχοντ’
868 4260 983 4320 ἀχάλινον
994 4259 1097 4320 ἀκρατὲς
1109 4259 1236 4306 ἀπύλωτον
1247 4257 1328 4317 στόμα

775 4335 961 4397 ἀπεριλάλητον,
975 4335 1265 4403 κομποφακελορρήμονα.
1294 4382 1297 4389 .

743 4425 809 4475 Cum
831 4441 881 4490 quo
909 4425 965 4477 loco
992 4424 1094 4496 omnino
1119 4425 1268 4476 conserenda
1289 4433 1346 4477 sunt

699 4522 753 4579 (785)
