<?xml version="1.0" encoding="UTF-8"?>
<!DOCTYPE html PUBLIC "-//W3C//DTD XHTML 1.0 Transitional//EN"
    "http://www.w3.org/TR/xhtml1/DTD/xhtml1-transitional.dtd">
<html xmlns="http://www.w3.org/1999/xhtml" xml:lang="en" lang="en">
 <head>
  <title>
</title>
<meta http-equiv="Content-Type" content="text/html;charset=utf-8" />
  <meta name='ocr-system' content='tesseract 3.04.00' />
  <meta name='ocr-capabilities' content='ocr_page ocr_carea ocr_par ocr_line ocrx_word'/>
</head>
<body>
  <div class='ocr_page' id='page_1' title='image "./onomasticonaris00holdgoog_0150.png"; bbox 0 0 3262 5254; ppageno 0'>
   <div class='ocr_carea' id='block_1_1' title="bbox 480 403 917 499">
    <p class='ocr_par' dir='ltr' id='par_1_1' title="bbox 480 403 917 499">
     <span class='ocr_line' id='line_1_1' title="bbox 480 403 917 499; baseline -0.021 -18"><span class='ocrx_word' id='word_1_1' title='bbox 480 403 917 499; x_wconf 75' lang='grc' dir='ltr'>Σαννυρίωυ--Σεμὲλη</span> 
     </span>
    </p>
   </div>
   <div class='ocr_carea' id='block_1_2' title="bbox 13 576 1328 2199">
    <p class='ocr_par' dir='ltr' id='par_1_2' title="bbox 72 576 1321 798">
     <span class='ocr_line' id='line_1_2' title="bbox 73 576 1321 644; baseline -0.002 -15"><span class='ocrx_word' id='word_1_2' title='bbox 73 582 243 643; x_wconf 86' lang='grc' dir='ltr'>Καρυστίωνος</span> <span class='ocrx_word' id='word_1_3' title='bbox 255 583 372 642; x_wconf 77' lang='grc' dir='ltr'>ἐτίμησαν</span> <span class='ocrx_word' id='word_1_4' title='bbox 387 582 483 644; x_wconf 71' lang='grc' dir='ltr'>σφόδρα</span> <span class='ocrx_word' id='word_1_5' title='bbox 498 583 561 641; x_wconf 75' lang='grc' dir='ltr'>μετὰ</span> <span class='ocrx_word' id='word_1_6' title='bbox 577 582 620 629; x_wconf 81' lang='grc' dir='ltr'>τοί</span> <span class='ocrx_word' id='word_1_7' title='bbox 636 581 677 642; x_wconf 79' lang='grc' dir='ltr'>ηί-</span> <span class='ocrx_word' id='word_1_8' title='bbox 722 579 817 629; x_wconf 87' lang='lat' dir='ltr'>textilia</span> <span class='ocrx_word' id='word_1_9' title='bbox 829 576 973 639; x_wconf 81' lang='lat' dir='ltr'>(invenere),</span> <span class='ocrx_word' id='word_1_10' title='bbox 982 576 1081 631; x_wconf 81' lang='lat' dir='ltr'>inficere</span> <span class='ocrx_word' id='word_1_11' title='bbox 1092 576 1162 635; x_wconf 77' lang='lat' dir='ltr'>lanas</span> <span class='ocrx_word' id='word_1_12' title='bbox 1172 577 1321 633; x_wconf 66' lang='lat' dir='ltr'>Sardibus</span> 
     </span>
     <span class='ocr_line' id='line_1_3' title="bbox 73 655 1317 721; baseline -0.001 -15"><span class='ocrx_word' id='word_1_13' title='bbox 73 675 125 709; x_wconf 86' lang='grc' dir='ltr'>ναυς</span> <span class='ocrx_word' id='word_1_14' title='bbox 143 661 184 708; x_wconf 85' lang='grc' dir='ltr'>καί</span> <span class='ocrx_word' id='word_1_15' title='bbox 204 662 248 720; x_wconf 82' lang='grc' dir='ltr'>τῆς</span> <span class='ocrx_word' id='word_1_16' title='bbox 266 662 343 708; x_wconf 82' lang='grc' dir='ltr'>αὐτῶν</span> <span class='ocrx_word' id='word_1_17' title='bbox 361 661 485 710; x_wconf 73' lang='grc' dir='ltr'>πολιτείας</span> <span class='ocrx_word' id='word_1_18' title='bbox 502 661 612 719; x_wconf 77' lang='grc' dir='ltr'>ἠξίωσαν.</span> <span class='ocrx_word' id='word_1_19' title='bbox 647 659 678 708; x_wconf 82' lang='grc' dir='ltr'>ὡς</span> <span class='ocrx_word' id='word_1_20' title='bbox 722 657 801 720; x_wconf 90' lang='lat' dir='ltr'>Lydi;</span> <span class='ocrx_word' id='word_1_21' title='bbox 819 657 916 705; x_wconf 91' lang='lat' dir='ltr'>Platon.</span> <span class='ocrx_word' id='word_1_22' title='bbox 935 671 1003 721; x_wconf 59' lang='lat' dir='ltr'>com.¹</span> <span class='ocrx_word' id='word_1_23' title='bbox 1018 670 1058 718; x_wconf 90' lang='lat' dir='ltr'>ap.</span> <span class='ocrx_word' id='word_1_24' title='bbox 1079 655 1238 705; x_wconf 71' lang='lat' dir='ltr'><strong>Athenaeum</strong></span> <span class='ocrx_word' id='word_1_25' title='bbox 1256 667 1277 704; x_wconf 93' lang='lat'>11</span> <span class='ocrx_word' id='word_1_26' title='bbox 1293 672 1317 720; x_wconf 89' lang='lat' dir='ltr'>p.</span> 
     </span>
     <span class='ocr_line' id='line_1_4' title="bbox 72 731 1180 798; baseline -0.002 -13"><span class='ocrx_word' id='word_1_27' title='bbox 72 740 112 785; x_wconf 79' lang='grc' dir='ltr'>οὖν</span> <span class='ocrx_word' id='word_1_28' title='bbox 122 756 187 787; x_wconf 87' lang='grc' dir='ltr'>τινας</span> <span class='ocrx_word' id='word_1_29' title='bbox 198 740 397 798; x_wconf 68' lang='grc' dir='ltr'>ἐξαπατήσαντας</span> <span class='ocrx_word' id='word_1_30' title='bbox 415 741 455 787; x_wconf 85' lang='grc' dir='ltr'>καί</span> <span class='ocrx_word' id='word_1_31' title='bbox 472 739 581 787; x_wconf 79' lang='grc' dir='ltr'>είπάντας</span> <span class='ocrx_word' id='word_1_32' title='bbox 593 739 678 786; x_wconf 80' lang='grc' dir='ltr'>ἑαυτὸν</span> <span class='ocrx_word' id='word_1_33' title='bbox 720 738 777 796; x_wconf 79' lang='lat'>4813</span> <span class='ocrx_word' id='word_1_34' title='bbox 791 734 878 796; x_wconf 81' lang='lat' dir='ltr'>(Mein.</span> <span class='ocrx_word' id='word_1_35' title='bbox 892 734 935 782; x_wconf 88' lang='lat' dir='ltr'>Fr.</span> <span class='ocrx_word' id='word_1_36' title='bbox 954 734 1019 782; x_wconf 88' lang='lat' dir='ltr'>Com.</span> <span class='ocrx_word' id='word_1_37' title='bbox 1033 745 1054 781; x_wconf 89' lang='lat'>11</span> <span class='ocrx_word' id='word_1_38' title='bbox 1067 748 1091 797; x_wconf 89' lang='lat' dir='ltr'>p.</span> <span class='ocrx_word' id='word_1_39' title='bbox 1106 731 1180 794; x_wconf 60' lang='lat'>6831:</span> 
     </span>
    </p>

    <p class='ocr_par' dir='ltr' id='par_1_3' title="bbox 72 811 1320 1115">
     <span class='ocr_line' id='line_1_5' title="bbox 72 811 1320 887; baseline -0.002 -24"><span class='ocrx_word' id='word_1_40' title='bbox 72 817 132 864; x_wconf 76' lang='grc' dir='ltr'>εἶναι</span> <span class='ocrx_word' id='word_1_41' title='bbox 154 818 197 866; x_wconf 81' lang='grc' dir='ltr'>τὸν</span> <span class='ocrx_word' id='word_1_42' title='bbox 223 818 328 876; x_wconf 76' lang='grc' dir='ltr'>μηνυτὴν</span> <span class='ocrx_word' id='word_1_43' title='bbox 350 819 393 864; x_wconf 85' lang='grc' dir='ltr'>ταῶ</span> <span class='ocrx_word' id='word_1_44' title='bbox 420 811 602 876; x_wconf 79' lang='grc' dir='ltr'>σκαιωρὴματας</span> <span class='ocrx_word' id='word_1_45' title='bbox 630 817 678 863; x_wconf 87' lang='grc' dir='ltr'>τῶν</span> <span class='ocrx_word' id='word_1_46' title='bbox 744 832 1138 887; x_wconf 49' lang='grc' dir='ltr'>,ρρρηλρωςςμφωκηηνω</span> <span class='ocrx_word' id='word_1_47' title='bbox 1153 831 1320 885; x_wconf 38' lang='lat' dir='ltr'>&amp;mm</span> 
     </span>
     <span class='ocr_line' id='line_1_6' title="bbox 72 894 1266 954; baseline 0 -13"><span class='ocrx_word' id='word_1_48' title='bbox 72 894 199 952; x_wconf 81' lang='grc' dir='ltr'>Σαμίων,</span> <span class='ocrx_word' id='word_1_49' title='bbox 215 896 254 941; x_wconf 87' lang='grc' dir='ltr'>καί</span> <span class='ocrx_word' id='word_1_50' title='bbox 272 895 312 943; x_wconf 80' lang='grc' dir='ltr'>διδ</span> <span class='ocrx_word' id='word_1_51' title='bbox 328 895 400 942; x_wconf 81' lang='grc' dir='ltr'>ταῶτα</span> <span class='ocrx_word' id='word_1_52' title='bbox 416 895 585 953; x_wconf 82' lang='grc' dir='ltr'>άτολυθίντας,</span> <span class='ocrx_word' id='word_1_53' title='bbox 603 894 677 954; x_wconf 80' lang='grc' dir='ltr'>φησίν</span> <span class='ocrx_word' id='word_1_54' title='bbox 1124 896 1266 949; x_wconf 52' lang='lat' dir='ltr'>§euhion</span> 
     </span>
     <span class='ocr_line' id='line_1_7' title="bbox 73 958 1320 1032; baseline -0.001 -14"><span class='ocrx_word' id='word_1_55' title='bbox 73 971 208 1030; x_wconf 81' lang='grc' dir='ltr'>ῶδυνῆσθαι</span> <span class='ocrx_word' id='word_1_56' title='bbox 225 972 266 1019; x_wconf 86' lang='grc' dir='ltr'>τδν</span> <span class='ocrx_word' id='word_1_57' title='bbox 282 972 444 1030; x_wconf 78' lang='grc' dir='ltr'>Φιλακλέιννα,</span> <span class='ocrx_word' id='word_1_58' title='bbox 460 971 491 1021; x_wconf 81' lang='grc' dir='ltr'>ὡς</span> <span class='ocrx_word' id='word_1_59' title='bbox 507 972 561 1022; x_wconf 81' lang='grc' dir='ltr'>ταῖς</span> <span class='ocrx_word' id='word_1_60' title='bbox 578 969 675 1019; x_wconf 86' lang='grc' dir='ltr'>καταδί·</span> <span class='ocrx_word' id='word_1_61' title='bbox 744 959 784 1000; x_wconf 70' lang='lat'>‘¹¹⁹</span> <span class='ocrx_word' id='word_1_62' title='bbox 796 959 903 1012; x_wconf 54' lang='lat' dir='ltr'>W‘fft&#39;ff‘</span> <span class='ocrx_word' id='word_1_63' title='bbox 918 958 1108 1010; x_wconf 61' lang='lat' dir='ltr'>²⁶⁹⁸W²W</span> <span class='ocrx_word' id='word_1_64' title='bbox 1121 960 1272 1032; x_wconf 56' lang='lat' dir='ltr'>&#39;‘Q&#39;AW‘</span> <span class='ocrx_word' id='word_1_65' title='bbox 1284 975 1320 1001; x_wconf 72' lang='lat'>‘²&#39;</span> 
     </span>
     <span class='ocr_line' id='line_1_8' title="bbox 73 1035 1239 1115; baseline -0.002 -19"><span class='ocrx_word' id='word_1_66' title='bbox 73 1064 125 1096; x_wconf 83' lang='grc' dir='ltr'>καις</span> <span class='ocrx_word' id='word_1_67' title='bbox 148 1049 243 1106; x_wconf 74' lang='grc' dir='ltr'>μᾶλλον</span> <span class='ocrx_word' id='word_1_68' title='bbox 264 1051 396 1109; x_wconf 68' lang='grc' dir='ltr'>χαίροντας</span> <span class='ocrx_word' id='word_1_69' title='bbox 418 1049 463 1098; x_wconf 91' lang='lat' dir='ltr'>sed</span> <span class='ocrx_word' id='word_1_70' title='bbox 485 1050 543 1097; x_wconf 86' lang='lat' dir='ltr'>uide</span> <span class='ocrx_word' id='word_1_71' title='bbox 565 1064 598 1096; x_wconf 91' lang='lat' dir='ltr'>an</span> <span class='ocrx_word' id='word_1_72' title='bbox 620 1063 676 1095; x_wconf 87' lang='lat' dir='ltr'>reus</span> <span class='ocrx_word' id='word_1_73' title='bbox 901 1108 904 1115; x_wconf 28' lang='grc' dir='ltr'>Ι</span> <span class='ocrx_word' id='word_1_74' title='bbox 1123 1035 1239 1069; x_wconf 58' lang='lat' dir='ltr'>&#39;‘mm“</span> 
     </span>
    </p>

    <p class='ocr_par' dir='ltr' id='par_1_4' title="bbox 13 1124 1328 1579">
     <span class='ocr_line' id='line_1_9' title="bbox 13 1124 1328 1191; baseline 0.001 -17"><span class='ocrx_word' id='word_1_75' title='bbox 13 1134 16 1139; x_wconf 76' lang='grc'>’</span> <span class='ocrx_word' id='word_1_76' title='bbox 73 1127 155 1190; x_wconf 89' lang='lat' dir='ltr'>quivis</span> <span class='ocrx_word' id='word_1_77' title='bbox 175 1134 281 1187; x_wconf 81' lang='lat' dir='ltr'>notetur,</span> <span class='ocrx_word' id='word_1_78' title='bbox 295 1128 338 1191; x_wconf 92' lang='lat' dir='ltr'>qui</span> <span class='ocrx_word' id='word_1_79' title='bbox 357 1128 461 1191; x_wconf 81' lang='lat' dir='ltr'><strong>pulchre</strong></span> <span class='ocrx_word' id='word_1_80' title='bbox 476 1128 553 1176; x_wconf 82' lang='lat' dir='ltr'>verba</span> <span class='ocrx_word' id='word_1_81' title='bbox 570 1126 627 1176; x_wconf 83' lang='lat' dir='ltr'>iacit</span> <span class='ocrx_word' id='word_1_82' title='bbox 644 1126 676 1175; x_wconf 92' lang='lat' dir='ltr'>de</span> <span class='ocrx_word' id='word_1_83' title='bbox 719 1124 786 1173; x_wconf 89' lang='lat' dir='ltr'>unde</span> <span class='ocrx_word' id='word_1_84' title='bbox 797 1125 971 1189; x_wconf 82' lang='lat' dir='ltr'>explicandum</span> <span class='ocrx_word' id='word_1_85' title='bbox 979 1126 1043 1177; x_wconf 76' lang='lat' dir='ltr'>Aen</span> <span class='ocrx_word' id='word_1_86' title='bbox 1056 1140 1101 1187; x_wconf 71' lang='lat'>¹12</span> <span class='ocrx_word' id='word_1_87' title='bbox 1114 1127 1151 1176; x_wconf 88' lang='grc' dir='ltr'>ίνα</span> <span class='ocrx_word' id='word_1_88' title='bbox 1161 1127 1196 1186; x_wconf 79' lang='grc' dir='ltr'>μή</span> <span class='ocrx_word' id='word_1_89' title='bbox 1207 1144 1235 1176; x_wconf 84' lang='grc' dir='ltr'>σς</span> <span class='ocrx_word' id='word_1_90' title='bbox 1245 1126 1328 1189; x_wconf 75' lang='grc' dir='ltr'>βάψαι</span> 
     </span>
     <span class='ocr_line' id='line_1_10' title="bbox 74 1201 1319 1271; baseline 0 -20"><span class='ocrx_word' id='word_1_91' title='bbox 74 1205 169 1253; x_wconf 82' lang='lat' dir='ltr'>meritis</span> <span class='ocrx_word' id='word_1_92' title='bbox 188 1208 238 1254; x_wconf 92' lang='lat' dir='ltr'>suis</span> <span class='ocrx_word' id='word_1_93' title='bbox 257 1212 282 1256; x_wconf 92' lang='lat' dir='ltr'>et</span> <span class='ocrx_word' id='word_1_94' title='bbox 301 1205 405 1271; x_wconf 87' lang='lat' dir='ltr'>pristina</span> <span class='ocrx_word' id='word_1_95' title='bbox 422 1209 519 1264; x_wconf 85' lang='lat' dir='ltr'>virtute,</span> <span class='ocrx_word' id='word_1_96' title='bbox 540 1205 676 1255; x_wconf 87' lang='lat' dir='ltr'>ementiens</span> <span class='ocrx_word' id='word_1_97' title='bbox 718 1201 806 1263; x_wconf 80' lang='grc' dir='ltr'>βάμμα</span> <span class='ocrx_word' id='word_1_98' title='bbox 822 1203 1017 1264; x_wconf 75' lang='grc' dir='ltr'>Σαρδιανικόν</span> <span class='ocrx_word' id='word_1_99' title='bbox 1033 1204 1111 1269; x_wconf 84' lang='lat' dir='ltr'>(quod</span> <span class='ocrx_word' id='word_1_100' title='bbox 1122 1201 1319 1254; x_wconf 72' lang='lat' dir='ltr'>tralatedidlum</span> 
     </span>
     <span class='ocr_line' id='line_1_11' title="bbox 74 1278 1321 1346; baseline 0 -16"><span class='ocrx_word' id='word_1_101' title='bbox 74 1280 180 1342; x_wconf 77' lang='lat' dir='ltr'>cundla3</span> <span class='ocrx_word' id='word_1_102' title='bbox 197 1284 233 1332; x_wconf 90' lang='grc' dir='ltr'>τίς</span> <span class='ocrx_word' id='word_1_103' title='bbox 244 1282 383 1346; x_wconf 80' lang='grc' dir='ltr'>ξυλλάβοιτ’</span> <span class='ocrx_word' id='word_1_104' title='bbox 400 1284 429 1332; x_wconf 80' lang='grc' dir='ltr'>δν</span> <span class='ocrx_word' id='word_1_105' title='bbox 440 1286 484 1333; x_wconf 83' lang='grc' dir='ltr'>τοῦ</span> <span class='ocrx_word' id='word_1_106' title='bbox 499 1286 572 1343; x_wconf 72' lang='grc' dir='ltr'>ξύλου</span> <span class='ocrx_word' id='word_1_107' title='bbox 588 1283 635 1330; x_wconf 86' lang='grc' dir='ltr'>τῶν</span> <span class='ocrx_word' id='word_1_108' title='bbox 652 1283 677 1330; x_wconf 76' lang='grc' dir='ltr'>ἐν</span> <span class='ocrx_word' id='word_1_109' title='bbox 720 1278 859 1341; x_wconf 82' lang='lat' dir='ltr'>explicante</span> <span class='ocrx_word' id='word_1_110' title='bbox 880 1280 960 1330; x_wconf 88' lang='lat' dir='ltr'>schol.</span> <span class='ocrx_word' id='word_1_111' title='bbox 984 1283 1096 1346; x_wconf 38' lang='lat' dir='ltr'>proflua</span> <span class='ocrx_word' id='word_1_112' title='bbox 1117 1284 1152 1341; x_wconf 78' lang='grc' dir='ltr'>μή</span> <span class='ocrx_word' id='word_1_113' title='bbox 1173 1299 1203 1330; x_wconf 82' lang='grc' dir='ltr'>σα</span> <span class='ocrx_word' id='word_1_114' title='bbox 1225 1283 1321 1344; x_wconf 82' lang='grc' dir='ltr'>ἐρυθρὸν</span> 
     </span>
     <span class='ocr_line' id='line_1_12' title="bbox 73 1357 1319 1423; baseline 0.001 -17"><span class='ocrx_word' id='word_1_115' title='bbox 73 1361 162 1420; x_wconf 81' lang='grc' dir='ltr'>Σάμῳ</span> <span class='ocrx_word' id='word_1_116' title='bbox 181 1361 327 1419; x_wconf 73' lang='grc' dir='ltr'>στρατηγῶν</span> <span class='ocrx_word' id='word_1_117' title='bbox 346 1361 403 1423; x_wconf 83' lang='lat' dir='ltr'>Lys.</span> <span class='ocrx_word' id='word_1_118' title='bbox 424 1375 470 1423; x_wconf 80' lang='lat'>313</span> <span class='ocrx_word' id='word_1_119' title='bbox 491 1361 544 1419; x_wconf 85' lang='lat' dir='ltr'>(ubi</span> <span class='ocrx_word' id='word_1_120' title='bbox 563 1361 677 1423; x_wconf 76' lang='lat' dir='ltr'>‘Engerus</span> <span class='ocrx_word' id='word_1_121' title='bbox 720 1357 815 1414; x_wconf 71' lang='grc' dir='ltr'>ποιήσω</span> <span class='ocrx_word' id='word_1_122' title='bbox 834 1359 870 1418; x_wconf 75' lang='grc' dir='ltr'>τῶ</span> <span class='ocrx_word' id='word_1_123' title='bbox 887 1360 1005 1420; x_wconf 68' lang='grc' dir='ltr'>βάμμασι,</span> <span class='ocrx_word' id='word_1_124' title='bbox 1016 1360 1161 1419; x_wconf 51' lang='lat' dir='ltr'>merlinch</span> <span class='ocrx_word' id='word_1_125' title='bbox 1179 1359 1235 1408; x_wconf 86' lang='lat' dir='ltr'>Pac.</span> <span class='ocrx_word' id='word_1_126' title='bbox 1257 1370 1319 1420; x_wconf 84' lang='lat'>1174</span> 
     </span>
     <span class='ocr_line' id='line_1_13' title="bbox 41 1428 1320 1502; baseline 0.003 -16"><span class='ocrx_word' id='word_1_127' title='bbox 41 1428 45 1435; x_wconf 74' lang='grc'><strong>’</strong></span> <span class='ocrx_word' id='word_1_128' title='bbox 74 1438 170 1486; x_wconf 83' lang='lat' dir='ltr'>confert</span> <span class='ocrx_word' id='word_1_129' title='bbox 191 1437 305 1500; x_wconf 88' lang='lat' dir='ltr'>Thucyd.</span> <span class='ocrx_word' id='word_1_130' title='bbox 322 1450 376 1486; x_wconf 83' lang='lat' dir='ltr'>vru</span> <span class='ocrx_word' id='word_1_131' title='bbox 397 1454 419 1487; x_wconf 89' lang='lat' dir='ltr'>c.</span> <span class='ocrx_word' id='word_1_132' title='bbox 441 1452 478 1498; x_wconf 80' lang='lat' dir='ltr'>au,</span> <span class='ocrx_word' id='word_1_133' title='bbox 498 1440 582 1502; x_wconf 90' lang='lat' dir='ltr'>aitque</span> <span class='ocrx_word' id='word_1_134' title='bbox 600 1437 676 1501; x_wconf 91' lang='lat' dir='ltr'>paulo</span> <span class='ocrx_word' id='word_1_135' title='bbox 718 1433 808 1492; x_wconf 71' lang='grc' dir='ltr'>ἔχοντα</span> <span class='ocrx_word' id='word_1_136' title='bbox 818 1435 926 1494; x_wconf 72' lang='grc' dir='ltr'>φοινικίδ’</span> <span class='ocrx_word' id='word_1_137' title='bbox 935 1434 1233 1496; x_wconf 58' lang='grc' dir='ltr'>ὀξεῖυάῆῆνὲκεῖνό*</span> <span class='ocrx_word' id='word_1_138' title='bbox 1245 1441 1320 1495; x_wconf 69' lang='grc' dir='ltr'>φησιν</span> 
     </span>
     <span class='ocr_line' id='line_1_14' title="bbox 74 1510 1081 1579; baseline -0.001 -17"><span class='ocrx_word' id='word_1_139' title='bbox 74 1521 132 1564; x_wconf 85' lang='lat' dir='ltr'>ante</span> <span class='ocrx_word' id='word_1_140' title='bbox 146 1513 227 1563; x_wconf 87' lang='lat' dir='ltr'>Sami</span> <span class='ocrx_word' id='word_1_141' title='bbox 244 1521 337 1563; x_wconf 87' lang='lat' dir='ltr'>statum</span> <span class='ocrx_word' id='word_1_142' title='bbox 353 1515 501 1579; x_wconf 78' lang='lat' dir='ltr'>popularem</span> <span class='ocrx_word' id='word_1_143' title='bbox 513 1522 676 1564; x_wconf 80' lang='lat' dir='ltr'>restauratum</span> <span class='ocrx_word' id='word_1_144' title='bbox 719 1510 778 1557; x_wconf 73' lang='grc' dir='ltr'>εἶναι</span> <span class='ocrx_word' id='word_1_145' title='bbox 788 1511 875 1570; x_wconf 79' lang='grc' dir='ltr'>βάμμα</span> <span class='ocrx_word' id='word_1_146' title='bbox 886 1513 1081 1573; x_wconf 70' lang='grc' dir='ltr'>Σαρδιανικόν</span> 
     </span>
    </p>

    <p class='ocr_par' dir='ltr' id='par_1_5' title="bbox 74 1585 1322 2199">
     <span class='ocr_line' id='line_1_15' title="bbox 74 1585 1318 1657; baseline -0.001 -17"><span class='ocrx_word' id='word_1_147' title='bbox 74 1608 135 1650; x_wconf 86' lang='lat' dir='ltr'>esse,</span> <span class='ocrx_word' id='word_1_148' title='bbox 151 1599 179 1640; x_wconf 91' lang='lat' dir='ltr'>ut</span> <span class='ocrx_word' id='word_1_149' title='bbox 191 1608 248 1640; x_wconf 90' lang='lat' dir='ltr'>cum</span> <span class='ocrx_word' id='word_1_150' title='bbox 260 1593 335 1641; x_wconf 92' lang='lat' dir='ltr'>duces</span> <span class='ocrx_word' id='word_1_151' title='bbox 352 1592 389 1640; x_wconf 91' lang='lat' dir='ltr'>illi</span> <span class='ocrx_word' id='word_1_152' title='bbox 405 1592 539 1657; x_wconf 80' lang='lat' dir='ltr'>populares</span> <span class='ocrx_word' id='word_1_153' title='bbox 553 1592 597 1641; x_wconf 89' lang='lat' dir='ltr'>hic</span> <span class='ocrx_word' id='word_1_154' title='bbox 608 1591 676 1640; x_wconf 88' lang='lat' dir='ltr'>invo·</span> <span class='ocrx_word' id='word_1_155' title='bbox 767 1585 867 1654; x_wconf 71' lang='grc' dir='ltr'>Σαρδά,</span> <span class='ocrx_word' id='word_1_156' title='bbox 879 1590 937 1644; x_wconf 72' lang='lat' dir='ltr'>otis:</span> <span class='ocrx_word' id='word_1_157' title='bbox 957 1591 1100 1640; x_wconf 79' lang='lat' dir='ltr'>Sardinia</span> <span class='ocrx_word' id='word_1_158' title='bbox 1111 1590 1206 1651; x_wconf 87' lang='lat' dir='ltr'>insula;</span> <span class='ocrx_word' id='word_1_159' title='bbox 1223 1591 1318 1640; x_wconf 77' lang='grc' dir='ltr'>πόλεων</span> 
     </span>
     <span class='ocr_line' id='line_1_16' title="bbox 74 1664 1318 1730; baseline 0.002 -14"><span class='ocrx_word' id='word_1_160' title='bbox 74 1676 162 1718; x_wconf 85' lang='lat' dir='ltr'>centur</span> <span class='ocrx_word' id='word_1_161' title='bbox 178 1676 207 1718; x_wconf 96' lang='lat' dir='ltr'>ut</span> <span class='ocrx_word' id='word_1_162' title='bbox 224 1669 341 1719; x_wconf 88' lang='lat' dir='ltr'>adiuvent</span> <span class='ocrx_word' id='word_1_163' title='bbox 363 1670 474 1730; x_wconf 80' lang='lat' dir='ltr'>chorum,</span> <span class='ocrx_word' id='word_1_164' title='bbox 493 1685 544 1718; x_wconf 91' lang='lat' dir='ltr'>non</span> <span class='ocrx_word' id='word_1_165' title='bbox 561 1669 676 1719; x_wconf 84' lang='lat' dir='ltr'>mulieres</span> <span class='ocrx_word' id='word_1_166' title='bbox 718 1664 800 1726; x_wconf 67' lang='grc' dir='ltr'>ἄρχων</span> <span class='ocrx_word' id='word_1_167' title='bbox 810 1668 933 1716; x_wconf 68' lang='grc' dir='ltr'>πλείστων</span> <span class='ocrx_word' id='word_1_168' title='bbox 943 1670 993 1717; x_wconf 85' lang='grc' dir='ltr'>άπδ</span> <span class='ocrx_word' id='word_1_169' title='bbox 1004 1670 1048 1718; x_wconf 81' lang='grc' dir='ltr'>ταί</span> <span class='ocrx_word' id='word_1_170' title='bbox 1059 1670 1154 1717; x_wconf 86' lang='grc' dir='ltr'>Πόντου</span> <span class='ocrx_word' id='word_1_171' title='bbox 1163 1670 1236 1729; x_wconf 74' lang='grc' dir='ltr'>μέχρι</span> <span class='ocrx_word' id='word_1_172' title='bbox 1247 1670 1318 1729; x_wconf 84' lang='grc' dir='ltr'>Σαρ·</span> 
     </span>
     <span class='ocr_line' id='line_1_17' title="bbox 74 1743 1315 1811; baseline 0 -17"><span class='ocrx_word' id='word_1_173' title='bbox 74 1754 180 1807; x_wconf 82' lang='lat' dir='ltr'>tantum,</span> <span class='ocrx_word' id='word_1_174' title='bbox 195 1754 222 1795; x_wconf 92' lang='lat' dir='ltr'>ut</span> <span class='ocrx_word' id='word_1_175' title='bbox 233 1747 337 1796; x_wconf 83' lang='lat' dir='ltr'>Vossius</span> <span class='ocrx_word' id='word_1_176' title='bbox 354 1750 448 1807; x_wconf 72' lang='lat' dir='ltr'>statuit,</span> <span class='ocrx_word' id='word_1_177' title='bbox 462 1756 538 1811; x_wconf 80' lang='lat' dir='ltr'>poeta</span> <span class='ocrx_word' id='word_1_178' title='bbox 556 1747 676 1795; x_wconf 76' lang='lat' dir='ltr'>inanimo</span> <span class='ocrx_word' id='word_1_179' title='bbox 719 1743 783 1791; x_wconf 85' lang='grc' dir='ltr'>δοῦς</span> <span class='ocrx_word' id='word_1_180' title='bbox 796 1746 869 1807; x_wconf 82' lang='lat' dir='ltr'>(quae</span> <span class='ocrx_word' id='word_1_181' title='bbox 887 1761 938 1794; x_wconf 91' lang='lat' dir='ltr'>non</span> <span class='ocrx_word' id='word_1_182' title='bbox 956 1746 988 1794; x_wconf 88' lang='lat' dir='ltr'>ad</span> <span class='ocrx_word' id='word_1_183' title='bbox 1003 1746 1088 1795; x_wconf 79' lang='lat' dir='ltr'>uiuum</span> <span class='ocrx_word' id='word_1_184' title='bbox 1105 1746 1315 1803; x_wconf 76' lang='lat' dir='ltr'>resecandorum,</span> 
     </span>
     <span class='ocr_line' id='line_1_18' title="bbox 74 1820 1317 1888; baseline 0 -16"><span class='ocrx_word' id='word_1_185' title='bbox 74 1824 193 1873; x_wconf 90' lang='lat' dir='ltr'>hahuisse</span> <span class='ocrx_word' id='word_1_186' title='bbox 203 1826 247 1873; x_wconf 90' lang='lat' dir='ltr'>sed</span> <span class='ocrx_word' id='word_1_187' title='bbox 264 1824 361 1874; x_wconf 88' lang='lat' dir='ltr'>nobiles</span> <span class='ocrx_word' id='word_1_188' title='bbox 374 1825 430 1874; x_wconf 94' lang='lat' dir='ltr'>illos</span> <span class='ocrx_word' id='word_1_189' title='bbox 447 1825 491 1888; x_wconf 91' lang='lat' dir='ltr'>qui</span> <span class='ocrx_word' id='word_1_190' title='bbox 509 1825 616 1874; x_wconf 84' lang='lat' dir='ltr'>Athenis</span> <span class='ocrx_word' id='word_1_191' title='bbox 633 1825 676 1873; x_wconf 93' lang='lat' dir='ltr'>de·</span> <span class='ocrx_word' id='word_1_192' title='bbox 718 1820 840 1883; x_wconf 74' lang='lat' dir='ltr'>siquidem</span> <span class='ocrx_word' id='word_1_193' title='bbox 862 1838 999 1887; x_wconf 84' lang='lat' dir='ltr'>numquam</span> <span class='ocrx_word' id='word_1_194' title='bbox 1022 1822 1165 1871; x_wconf 79' lang='lat' dir='ltr'>Sardinia</span> <span class='ocrx_word' id='word_1_195' title='bbox 1192 1823 1252 1871; x_wconf 79' lang='lat' dir='ltr'>iun&#39;s</span> <span class='ocrx_word' id='word_1_196' title='bbox 1274 1829 1317 1871; x_wconf 90' lang='lat' dir='ltr'>aut</span> 
     </span>
     <span class='ocr_line' id='line_1_19' title="bbox 75 1897 1318 1964; baseline 0.006 -14"><span class='ocrx_word' id='word_1_197' title='bbox 75 1903 222 1951; x_wconf 78' lang='lat' dir='ltr'>mocratiam</span> <span class='ocrx_word' id='word_1_198' title='bbox 247 1903 380 1952; x_wconf 90' lang='lat' dir='ltr'>studebant</span> <span class='ocrx_word' id='word_1_199' title='bbox 409 1909 518 1952; x_wconf 87' lang='lat' dir='ltr'>evertere</span> <span class='ocrx_word' id='word_1_200' title='bbox 540 1903 677 1952; x_wconf 82' lang='lat' dir='ltr'>censendus</span> <span class='ocrx_word' id='word_1_201' title='bbox 719 1897 820 1946; x_wconf 67' lang='lat' dir='ltr'>ditionis</span> <span class='ocrx_word' id='word_1_202' title='bbox 842 1899 887 1947; x_wconf 77' lang='lat' dir='ltr'>suit</span> <span class='ocrx_word' id='word_1_203' title='bbox 911 1900 1118 1958; x_wconf 69' lang='lat' dir='ltr'>Atheniensium}</span> <span class='ocrx_word' id='word_1_204' title='bbox 1146 1908 1172 1949; x_wconf 68' lang='lat' dir='ltr'>el</span> <span class='ocrx_word' id='word_1_205' title='bbox 1194 1900 1263 1964; x_wconf 71' lang='lat' dir='ltr'>quod</span> <span class='ocrx_word' id='word_1_206' title='bbox 1285 1900 1318 1949; x_wconf 67' lang='lat' dir='ltr'>ad</span> 
     </span>
     <span class='ocr_line' id='line_1_20' title="bbox 75 1975 1319 2043; baseline -0.002 -14"><span class='ocrx_word' id='word_1_207' title='bbox 75 1981 132 2040; x_wconf 81' lang='lat' dir='ltr'>sitl3</span> <span class='ocrx_word' id='word_1_208' title='bbox 150 1982 266 2039; x_wconf 77' lang='grc' dir='ltr'>Σαμίων</span> <span class='ocrx_word' id='word_1_209' title='bbox 282 1980 378 2039; x_wconf 78' lang='grc' dir='ltr'>δδῆμδς</span> <span class='ocrx_word' id='word_1_210' title='bbox 395 1981 469 2029; x_wconf 78' lang='grc' dir='ltr'>ἐστιν·</span> <span class='ocrx_word' id='word_1_211' title='bbox 488 1980 519 2030; x_wconf 83' lang='grc' dir='ltr'>ὡς</span> <span class='ocrx_word' id='word_1_212' title='bbox 535 1981 676 2043; x_wconf 71' lang='grc' dir='ltr'>τολυηράμ-</span> <span class='ocrx_word' id='word_1_213' title='bbox 720 1975 828 2024; x_wconf 82' lang='lat' dir='ltr'>Pontum</span> <span class='ocrx_word' id='word_1_214' title='bbox 850 1980 946 2038; x_wconf 67' lang='lat' dir='ltr'>attinet,</span> <span class='ocrx_word' id='word_1_215' title='bbox 971 1979 1070 2027; x_wconf 88' lang='lat' dir='ltr'>unicam</span> <span class='ocrx_word' id='word_1_216' title='bbox 1093 1979 1180 2027; x_wconf 89' lang='lat' dir='ltr'>urbem</span> <span class='ocrx_word' id='word_1_217' title='bbox 1203 1979 1319 2028; x_wconf 83' lang='lat' dir='ltr'>Amisum</span> 
     </span>
     <span class='ocr_line' id='line_1_21' title="bbox 74 2052 1320 2121; baseline -0.002 -15"><span class='ocrx_word' id='word_1_218' title='bbox 74 2074 160 2116; x_wconf 81' lang='grc' dir='ltr'>ματος,</span> <span class='ocrx_word' id='word_1_219' title='bbox 174 2057 261 2121; x_wconf 87' lang='lat' dir='ltr'>Babyl.</span> <span class='ocrx_word' id='word_1_220' title='bbox 275 2057 303 2107; x_wconf 89' lang='lat' dir='ltr'>fr.</span> <span class='ocrx_word' id='word_1_221' title='bbox 319 2070 340 2106; x_wconf 92' lang='lat'>11</span> <span class='ocrx_word' id='word_1_222' title='bbox 351 2058 377 2106; x_wconf 88' lang='lat' dir='ltr'>h.</span> <span class='ocrx_word' id='word_1_223' title='bbox 387 2074 411 2109; x_wconf 89' lang='lat' dir='ltr'>e.</span> <span class='ocrx_word' id='word_1_224' title='bbox 429 2059 549 2108; x_wconf 82' lang='lat' dir='ltr'>noctuis</span> <span class='ocrx_word' id='word_1_225' title='bbox 566 2059 678 2108; x_wconf 83' lang='lat' dir='ltr'>inustis</span> <span class='ocrx_word' id='word_1_226' title='bbox 719 2054 799 2114; x_wconf 75' lang='grc' dir='ltr'>τρίτον</span> <span class='ocrx_word' id='word_1_227' title='bbox 811 2052 852 2101; x_wconf 72' lang='grc' dir='ltr'>ὑπ’</span> <span class='ocrx_word' id='word_1_228' title='bbox 868 2052 1039 2115; x_wconf 81' lang='grc' dir='ltr'>Ἀθηνακλέους</span> <span class='ocrx_word' id='word_1_229' title='bbox 1050 2058 1094 2107; x_wconf 80' lang='grc' dir='ltr'>καί</span> <span class='ocrx_word' id='word_1_230' title='bbox 1108 2052 1240 2117; x_wconf 67' lang='grc' dir='ltr'>Ἀθηναίων</span> <span class='ocrx_word' id='word_1_231' title='bbox 1256 2056 1320 2104; x_wconf 68' lang='grc' dir='ltr'>ἔται·</span> 
     </span>
     <span class='ocr_line' id='line_1_22' title="bbox 76 2133 1322 2199; baseline 0.002 -17"><span class='ocrx_word' id='word_1_232' title='bbox 76 2135 179 2183; x_wconf 88' lang='lat' dir='ltr'>notati</span> <span class='ocrx_word' id='word_1_233' title='bbox 213 2142 244 2183; x_wconf 90' lang='lat' dir='ltr'>ut</span> <span class='ocrx_word' id='word_1_234' title='bbox 280 2135 514 2185; x_wconf 85' lang='lat' dir='ltr'>Atheniensium</span> <span class='ocrx_word' id='word_1_235' title='bbox 548 2136 678 2199; x_wconf 79' lang='lat' dir='ltr'>captivi:</span> <span class='ocrx_word' id='word_1_236' title='bbox 717 2133 1322 2195; x_wconf 50' lang='grc' dir='ltr'>ἸσεισθεῖσανΠειροιῖαμετονομασθῆναιαὶίὸίταίιο</span> 
     </span>
    </p>
   </div>
   <div class='ocr_carea' id='block_1_3' title="bbox 77 2210 1422 2276">
    <p class='ocr_par' dir='ltr' id='par_1_6' title="bbox 77 2210 1422 2276">
     <span class='ocr_line' id='line_1_23' title="bbox 77 2210 1422 2276; baseline -0.001 -16"><span class='ocrx_word' id='word_1_237' title='bbox 77 2213 135 2261; x_wconf 88' lang='lat' dir='ltr'>vide</span> <span class='ocrx_word' id='word_1_238' title='bbox 147 2219 199 2261; x_wconf 86' lang='lat' dir='ltr'>not.</span> <span class='ocrx_word' id='word_1_239' title='bbox 212 2213 244 2260; x_wconf 90' lang='lat' dir='ltr'>ad</span> <span class='ocrx_word' id='word_1_240' title='bbox 256 2212 271 2261; x_wconf 89' lang='lat' dir='ltr'>l.</span> <span class='ocrx_word' id='word_1_241' title='bbox 287 2229 311 2276; x_wconf 87' lang='lat' dir='ltr'>p.</span> <span class='ocrx_word' id='word_1_242' title='bbox 329 2225 375 2274; x_wconf 66' lang='grc' dir='ltr'>για</span> <span class='ocrx_word' id='word_1_243' title='bbox 518 2261 520 2265; x_wconf 60' lang='grc'>,</span> <span class='ocrx_word' id='word_1_244' title='bbox 721 2220 762 2256; x_wconf 79' lang='grc' dir='ltr'>ΧΠ</span> <span class='ocrx_word' id='word_1_245' title='bbox 787 2225 809 2270; x_wconf 76' lang='lat'>3.</span> <span class='ocrx_word' id='word_1_246' title='bbox 841 2210 910 2259; x_wconf 80' lang='lat' dir='ltr'>Sunt</span> <span class='ocrx_word' id='word_1_247' title='bbox 932 2211 1006 2275; x_wconf 80' lang='lat' dir='ltr'>igitur</span> <span class='ocrx_word' id='word_1_248' title='bbox 1033 2211 1059 2260; x_wconf 94' lang='lat' dir='ltr'>hi</span> <span class='ocrx_word' id='word_1_249' title='bbox 1080 2211 1141 2260; x_wconf 88' lang='lat' dir='ltr'>fines</span> <span class='ocrx_word' id='word_1_250' title='bbox 1163 2211 1331 2273; x_wconf 46' lang='lat' dir='ltr'>existimandi,</span> <span class='ocrx_word' id='word_1_251' title='bbox 1414 2253 1422 2265; x_wconf 86' lang='grc'>,</span> 
     </span>
    </p>
   </div>
   <div class='ocr_carea' id='block_1_4' title="bbox 75 2285 1326 3517">
    <p class='ocr_par' dir='ltr' id='par_1_7' title="bbox 75 2285 1326 3288">
     <span class='ocr_line' id='line_1_24' title="bbox 124 2285 1320 2354; baseline 0.003 -21"><span class='ocrx_word' id='word_1_252' title='bbox 124 2286 288 2353; x_wconf 69' lang='grc' dir='ltr'>Σαννυρίωνς</span> <span class='ocrx_word' id='word_1_253' title='bbox 311 2289 391 2339; x_wconf 78' lang='lat' dir='ltr'>malus</span> <span class='ocrx_word' id='word_1_254' title='bbox 407 2297 483 2353; x_wconf 79' lang='lat' dir='ltr'>poeta</span> <span class='ocrx_word' id='word_1_255' title='bbox 500 2290 615 2349; x_wconf 70' lang='lat' dir='ltr'>comicus,</span> <span class='ocrx_word' id='word_1_256' title='bbox 635 2290 678 2354; x_wconf 78' lang='lat' dir='ltr'>qui</span> <span class='ocrx_word' id='word_1_257' title='bbox 722 2285 912 2336; x_wconf 67' lang='lat' dir='ltr'>Atheniensium</span> <span class='ocrx_word' id='word_1_258' title='bbox 941 2290 1105 2353; x_wconf 72' lang='lat' dir='ltr'>navigationis</span> <span class='ocrx_word' id='word_1_259' title='bbox 1132 2293 1216 2353; x_wconf 89' lang='lat' dir='ltr'>potius</span> <span class='ocrx_word' id='word_1_260' title='bbox 1243 2303 1320 2353; x_wconf 81' lang='lat' dir='ltr'>quam</span> 
     </span>
     <span class='ocr_line' id='line_1_25' title="bbox 75 2364 975 2431; baseline 0.003 -18"><span class='ocrx_word' id='word_1_261' title='bbox 75 2372 181 2430; x_wconf 88' lang='lat' dir='ltr'>propter</span> <span class='ocrx_word' id='word_1_262' title='bbox 197 2366 364 2415; x_wconf 86' lang='lat' dir='ltr'>macilentiam</span> <span class='ocrx_word' id='word_1_263' title='bbox 381 2367 475 2417; x_wconf 86' lang='lat' dir='ltr'>uidetur</span> <span class='ocrx_word' id='word_1_264' title='bbox 492 2368 610 2431; x_wconf 83' lang='lat' dir='ltr'>Gerytatl.</span> <span class='ocrx_word' id='word_1_265' title='bbox 624 2366 652 2417; x_wconf 78' lang='lat' dir='ltr'>fn</span> <span class='ocrx_word' id='word_1_266' title='bbox 667 2379 677 2416; x_wconf 85' lang='lat'>1</span> <span class='ocrx_word' id='word_1_267' title='bbox 721 2364 825 2426; x_wconf 69' lang='lat' dir='ltr'>imperii·</span> <span class='ocrx_word' id='word_1_268' title='bbox 845 2368 975 2425; x_wconf 75' lang='lat' dir='ltr'><strong>BOTHWS)</strong></span> 
     </span>
     <span class='ocr_line' id='line_1_26' title="bbox 75 2437 1321 2507; baseline 0.001 -16"><span class='ocrx_word' id='word_1_269' title='bbox 75 2460 100 2507; x_wconf 88' lang='lat' dir='ltr'>p.</span> <span class='ocrx_word' id='word_1_270' title='bbox 115 2442 163 2505; x_wconf 87' lang='lat'>716</span> <span class='ocrx_word' id='word_1_271' title='bbox 175 2458 293 2492; x_wconf 89' lang='lat' dir='ltr'>unacum</span> <span class='ocrx_word' id='word_1_272' title='bbox 311 2444 405 2493; x_wconf 86' lang='lat' dir='ltr'>Meleto</span> <span class='ocrx_word' id='word_1_273' title='bbox 422 2452 447 2494; x_wconf 91' lang='lat' dir='ltr'>et</span> <span class='ocrx_word' id='word_1_274' title='bbox 465 2445 572 2493; x_wconf 80' lang='lat' dir='ltr'>Cinesia.</span> <span class='ocrx_word' id='word_1_275' title='bbox 607 2445 677 2492; x_wconf 78' lang='grc' dir='ltr'>Σαν·</span> <span class='ocrx_word' id='word_1_276' title='bbox 724 2482 730 2495; x_wconf 79' lang='lat'><em>,</em></span> <span class='ocrx_word' id='word_1_277' title='bbox 769 2437 928 2504; x_wconf 69' lang='grc' dir='ltr'>Σαρπηδόνι</span> <span class='ocrx_word' id='word_1_278' title='bbox 951 2443 1016 2492; x_wconf 86' lang='lat' dir='ltr'>filius</span> <span class='ocrx_word' id='word_1_279' title='bbox 1039 2443 1106 2492; x_wconf 81' lang='lat' dir='ltr'>Iouis</span> <span class='ocrx_word' id='word_1_280' title='bbox 1128 2459 1159 2492; x_wconf 85' lang='lat' dir='ltr'>ex</span> <span class='ocrx_word' id='word_1_281' title='bbox 1182 2441 1321 2492; x_wconf 83' lang='lat' dir='ltr'>Laodamia</span> 
     </span>
     <span class='ocr_line' id='line_1_27' title="bbox 75 2515 1322 2592; baseline 0.002 -26"><span class='ocrx_word' id='word_1_282' title='bbox 75 2520 212 2580; x_wconf 86' lang='grc' dir='ltr'>νυρίιανος</span> <span class='ocrx_word' id='word_1_283' title='bbox 229 2521 341 2580; x_wconf 78' lang='grc' dir='ltr'>σκυτίνην</span> <span class='ocrx_word' id='word_1_284' title='bbox 357 2522 501 2584; x_wconf 66' lang='grc' dir='ltr'>ἐπικουρίαν,</span> <span class='ocrx_word' id='word_1_285' title='bbox 513 2522 581 2585; x_wconf 89' lang='lat' dir='ltr'>quod</span> <span class='ocrx_word' id='word_1_286' title='bbox 598 2529 634 2571; x_wconf 87' lang='lat' dir='ltr'>est</span> <span class='ocrx_word' id='word_1_287' title='bbox 651 2521 678 2569; x_wconf 88' lang='lat' dir='ltr'>in</span> <span class='ocrx_word' id='word_1_288' title='bbox 721 2515 921 2582; x_wconf 77' lang='lat' dir='ltr'>Bellerophontis</span> <span class='ocrx_word' id='word_1_289' title='bbox 932 2528 1000 2576; x_wconf 81' lang='lat' dir='ltr'>nata,</span> <span class='ocrx_word' id='word_1_290' title='bbox 1008 2521 1051 2585; x_wconf 72' lang='lat' dir='ltr'>qui</span> <span class='ocrx_word' id='word_1_291' title='bbox 1063 2521 1095 2569; x_wconf 90' lang='lat' dir='ltr'>ad</span> <span class='ocrx_word' id='word_1_292' title='bbox 1105 2521 1208 2570; x_wconf 83' lang='lat' dir='ltr'>Troiam</span> <span class='ocrx_word' id='word_1_293' title='bbox 1216 2520 1322 2592; x_wconf 76' lang='lat' dir='ltr'>cecidit3</span> 
     </span>
     <span class='ocr_line' id='line_1_28' title="bbox 77 2593 1326 2665; baseline 0 -20"><span class='ocrx_word' id='word_1_294' title='bbox 77 2596 206 2646; x_wconf 83' lang='lat' dir='ltr'>Strattidis</span> <span class='ocrx_word' id='word_1_295' title='bbox 216 2599 541 2658; x_wconf 76' lang='grc' dir='ltr'>ψυχασταῖςάοαοκίοοεο</span> <span class='ocrx_word' id='word_1_296' title='bbox 553 2599 678 2647; x_wconf 86' lang='lat' dir='ltr'>thorace</span> <span class='ocrx_word' id='word_1_297' title='bbox 720 2593 783 2651; x_wconf 69' lang='grc' dir='ltr'>ἡνίκ’</span> <span class='ocrx_word' id='word_1_298' title='bbox 800 2596 829 2642; x_wconf 79' lang='grc' dir='ltr'>δν</span> <span class='ocrx_word' id='word_1_299' title='bbox 840 2597 961 2655; x_wconf 77' lang='grc' dir='ltr'>πενθῶμεν</span> <span class='ocrx_word' id='word_1_300' title='bbox 972 2599 988 2657; x_wconf 73' lang='grc' dir='ltr'><em>ᾗ</em></span> <span class='ocrx_word' id='word_1_301' title='bbox 999 2599 1040 2654; x_wconf 81' lang='grc' dir='ltr'>τὸν</span> <span class='ocrx_word' id='word_1_302' title='bbox 1050 2596 1155 2655; x_wconf 84' lang='grc' dir='ltr'>Μέμνον’</span> <span class='ocrx_word' id='word_1_303' title='bbox 1172 2597 1188 2657; x_wconf 74' lang='grc' dir='ltr'><strong><em>ἡ</em></strong></span> <span class='ocrx_word' id='word_1_304' title='bbox 1205 2598 1326 2665; x_wconf 52' lang='grc' dir='ltr'>Σαρτηχ</span> 
     </span>
     <span class='ocr_line' id='line_1_29' title="bbox 75 2671 929 2740; baseline -0.004 -17"><span class='ocrx_word' id='word_1_305' title='bbox 75 2674 252 2738; x_wconf 88' lang='lat' dir='ltr'>explicandum</span> <span class='ocrx_word' id='word_1_306' title='bbox 275 2691 325 2739; x_wconf 87' lang='lat' dir='ltr'>quo</span> <span class='ocrx_word' id='word_1_307' title='bbox 348 2676 498 2740; x_wconf 85' lang='lat' dir='ltr'>Sannyrio</span> <span class='ocrx_word' id='word_1_308' title='bbox 520 2674 609 2740; x_wconf 72' lang='lat' dir='ltr'>pedlus</span> <span class='ocrx_word' id='word_1_309' title='bbox 632 2675 676 2727; x_wconf 79' lang='lat' dir='ltr'>cir·</span> <span class='ocrx_word' id='word_1_310' title='bbox 720 2671 868 2722; x_wconf 79' lang='grc' dir='ltr'>δάνοΝυΙν.</span> <span class='ocrx_word' id='word_1_311' title='bbox 882 2672 929 2723; x_wconf 76' lang='lat'>622</span> 
     </span>
     <span class='ocr_line' id='line_1_30' title="bbox 75 2740 1326 2815; baseline -0.002 -14"><span class='ocrx_word' id='word_1_312' title='bbox 75 2752 239 2813; x_wconf 87' lang='lat' dir='ltr'>cumdederit,</span> <span class='ocrx_word' id='word_1_313' title='bbox 254 2761 281 2802; x_wconf 87' lang='lat' dir='ltr'>ut</span> <span class='ocrx_word' id='word_1_314' title='bbox 293 2753 387 2802; x_wconf 85' lang='lat' dir='ltr'>firmior</span> <span class='ocrx_word' id='word_1_315' title='bbox 397 2740 462 2804; x_wconf 72' lang='lat' dir='ltr'>esset</span> <span class='ocrx_word' id='word_1_316' title='bbox 475 2761 579 2804; x_wconf 85' lang='lat' dir='ltr'>truncus</span> <span class='ocrx_word' id='word_1_317' title='bbox 590 2769 677 2815; x_wconf 91' lang='lat' dir='ltr'>corpo-</span> <span class='ocrx_word' id='word_1_318' title='bbox 769 2747 888 2814; x_wconf 73' lang='grc' dir='ltr'>Σιβῑναςε</span> <span class='ocrx_word' id='word_1_319' title='bbox 907 2752 970 2800; x_wconf 88' lang='lat' dir='ltr'>Ran.</span> <span class='ocrx_word' id='word_1_320' title='bbox 985 2762 1040 2814; x_wconf 80' lang='lat'>427,</span> <span class='ocrx_word' id='word_1_321' title='bbox 1053 2752 1109 2801; x_wconf 79' lang='lat' dir='ltr'>uide</span> <span class='ocrx_word' id='word_1_322' title='bbox 1126 2766 1178 2801; x_wconf 76' lang='lat' dir='ltr'>sn.</span> <span class='ocrx_word' id='word_1_323' title='bbox 1192 2748 1326 2801; x_wconf 79' lang='grc' dir='ltr'>Κλςισδί-,</span> 
     </span>
     <span class='ocr_line' id='line_1_31' title="bbox 76 2827 1320 2899; baseline 0.002 -22"><span class='ocrx_word' id='word_1_324' title='bbox 76 2831 124 2880; x_wconf 87' lang='lat' dir='ltr'>ris:</span> <span class='ocrx_word' id='word_1_325' title='bbox 145 2831 218 2880; x_wconf 89' lang='lat' dir='ltr'>simul</span> <span class='ocrx_word' id='word_1_326' title='bbox 235 2832 354 2881; x_wconf 79' lang='lat' dir='ltr'>alluditur</span> <span class='ocrx_word' id='word_1_327' title='bbox 370 2832 403 2880; x_wconf 86' lang='lat' dir='ltr'>ad</span> <span class='ocrx_word' id='word_1_328' title='bbox 420 2832 579 2896; x_wconf 89' lang='lat' dir='ltr'>proverbium</span> <span class='ocrx_word' id='word_1_329' title='bbox 597 2832 678 2899; x_wconf 80' lang='grc' dir='ltr'>συκίνη</span> <span class='ocrx_word' id='word_1_330' title='bbox 719 2843 767 2891; x_wconf 64' lang='grc' dir='ltr'>νην</span> <span class='ocrx_word' id='word_1_331' title='bbox 786 2843 810 2891; x_wconf 90' lang='lat' dir='ltr'>p.</span> <span class='ocrx_word' id='word_1_332' title='bbox 827 2829 890 2889; x_wconf 79' lang='lat'><strong>8543</strong></span> <span class='ocrx_word' id='word_1_333' title='bbox 910 2829 962 2878; x_wconf 73' lang='lat' dir='ltr'>Nu.</span> <span class='ocrx_word' id='word_1_334' title='bbox 982 2827 1161 2891; x_wconf 76' lang='grc' dir='ltr'>Ἀναφλύστιον</span> <span class='ocrx_word' id='word_1_335' title='bbox 1180 2831 1256 2888; x_wconf 70' lang='grc' dir='ltr'>ζητῶν</span> <span class='ocrx_word' id='word_1_336' title='bbox 1275 2828 1320 2879; x_wconf 84' lang='grc' dir='ltr'>τιν’</span> 
     </span>
     <span class='ocr_line' id='line_1_32' title="bbox 76 2904 1321 2973; baseline 0.001 -18"><span class='ocrx_word' id='word_1_337' title='bbox 76 2909 209 2970; x_wconf 76' lang='grc' dir='ltr'>ἐπικουρία,</span> <span class='ocrx_word' id='word_1_338' title='bbox 223 2925 274 2973; x_wconf 92' lang='lat' dir='ltr'>quo</span> <span class='ocrx_word' id='word_1_339' title='bbox 291 2909 416 2958; x_wconf 85' lang='lat' dir='ltr'>infirmum</span> <span class='ocrx_word' id='word_1_340' title='bbox 428 2918 453 2958; x_wconf 90' lang='lat' dir='ltr'>et</span> <span class='ocrx_word' id='word_1_341' title='bbox 470 2909 581 2958; x_wconf 92' lang='lat' dir='ltr'>inutile</span> <span class='ocrx_word' id='word_1_342' title='bbox 598 2909 677 2956; x_wconf 82' lang='lat' dir='ltr'>auxi-</span> <span class='ocrx_word' id='word_1_343' title='bbox 722 2904 845 2964; x_wconf 81' lang='grc' dir='ltr'>άνθριασον</span> <span class='ocrx_word' id='word_1_344' title='bbox 857 2906 989 2966; x_wconf 78' lang='grc' dir='ltr'>(ἐλήλυθα).</span> <span class='ocrx_word' id='word_1_345' title='bbox 1016 2908 1064 2955; x_wconf 88' lang='grc' dir='ltr'>ΓΡ.</span> <span class='ocrx_word' id='word_1_346' title='bbox 1080 2908 1148 2966; x_wconf 69' lang='grc' dir='ltr'>τίνας</span> <span class='ocrx_word' id='word_1_347' title='bbox 1166 2908 1218 2956; x_wconf 80' lang='lat' dir='ltr'>NE.</span> <span class='ocrx_word' id='word_1_348' title='bbox 1240 2908 1268 2955; x_wconf 83' lang='grc' dir='ltr'>οὐ</span> <span class='ocrx_word' id='word_1_349' title='bbox 1278 2908 1321 2955; x_wconf 88' lang='grc' dir='ltr'>τδν</span> 
     </span>
     <span class='ocr_line' id='line_1_33' title="bbox 75 2984 1319 3050; baseline 0.001 -17"><span class='ocrx_word' id='word_1_350' title='bbox 75 2985 152 3034; x_wconf 91' lang='lat' dir='ltr'>lium</span> <span class='ocrx_word' id='word_1_351' title='bbox 169 2986 361 3049; x_wconf 82' lang='lat' dir='ltr'>significabatur.</span> <span class='ocrx_word' id='word_1_352' title='bbox 398 2986 464 3036; x_wconf 78' lang='lat' dir='ltr'>Vide</span> <span class='ocrx_word' id='word_1_353' title='bbox 483 2986 594 3035; x_wconf 87' lang='lat' dir='ltr'>Meinek.</span> <span class='ocrx_word' id='word_1_354' title='bbox 617 2985 675 3034; x_wconf 90' lang='lat' dir='ltr'>Vol.</span> <span class='ocrx_word' id='word_1_355' title='bbox 721 2984 957 3048; x_wconf 63' lang='lat' dir='ltr'>Zessirdvy&#39;irril</span> <span class='ocrx_word' id='word_1_356' title='bbox 968 2987 1114 3047; x_wconf 65' lang='lat' dir='ltr'>eporedias</span> <span class='ocrx_word' id='word_1_357' title='bbox 1124 2988 1181 3036; x_wconf 83' lang='grc' dir='ltr'>ίσας</span> <span class='ocrx_word' id='word_1_358' title='bbox 1193 2986 1262 3035; x_wconf 86' lang='lat' dir='ltr'>Eccl.</span> <span class='ocrx_word' id='word_1_359' title='bbox 1272 2997 1319 3050; x_wconf 82' lang='lat'>979</span> 
     </span>
     <span class='ocr_line' id='line_1_34' title="bbox 78 3062 1320 3127; baseline 0.002 -16"><span class='ocrx_word' id='word_1_360' title='bbox 78 3075 101 3111; x_wconf 86' lang='lat'>11</span> <span class='ocrx_word' id='word_1_361' title='bbox 125 3079 150 3127; x_wconf 87' lang='lat' dir='ltr'>p.</span> <span class='ocrx_word' id='word_1_362' title='bbox 176 3062 231 3124; x_wconf 76' lang='lat'><strong>786.</strong></span> <span class='ocrx_word' id='word_1_363' title='bbox 266 3063 487 3126; x_wconf 77' lang='lat' dir='ltr'>Sannyrionem</span> <span class='ocrx_word' id='word_1_364' title='bbox 509 3064 584 3112; x_wconf 86' lang='lat' dir='ltr'>rideri</span> <span class='ocrx_word' id='word_1_365' title='bbox 606 3062 674 3112; x_wconf 87' lang='lat' dir='ltr'>Nub.</span> <span class='ocrx_word' id='word_1_366' title='bbox 721 3063 765 3111; x_wconf 88' lang='lat' dir='ltr'>ubi</span> <span class='ocrx_word' id='word_1_367' title='bbox 786 3064 874 3113; x_wconf 87' lang='lat' dir='ltr'>similis</span> <span class='ocrx_word' id='word_1_368' title='bbox 893 3072 931 3115; x_wconf 85' lang='lat' dir='ltr'>est</span> <span class='ocrx_word' id='word_1_369' title='bbox 953 3065 1020 3114; x_wconf 76' lang='lat' dir='ltr'>lusus</span> <span class='ocrx_word' id='word_1_370' title='bbox 1042 3066 1182 3126; x_wconf 66' lang='lat' dir='ltr'>verborum.</span> <span class='ocrx_word' id='word_1_371' title='bbox 1206 3073 1234 3115; x_wconf 97' lang='lat' dir='ltr'>ut</span> <span class='ocrx_word' id='word_1_372' title='bbox 1253 3065 1320 3115; x_wconf 90' lang='lat' dir='ltr'>enim</span> 
     </span>
     <span class='ocr_line' id='line_1_35' title="bbox 76 3139 1318 3206; baseline 0.002 -18"><span class='ocrx_word' id='word_1_373' title='bbox 76 3142 125 3202; x_wconf 79' lang='lat'>538</span> <span class='ocrx_word' id='word_1_374' title='bbox 147 3157 198 3189; x_wconf 89' lang='lat' dir='ltr'>non</span> <span class='ocrx_word' id='word_1_375' title='bbox 226 3139 295 3190; x_wconf 77' lang='lat' dir='ltr'>redte</span> <span class='ocrx_word' id='word_1_376' title='bbox 322 3142 401 3191; x_wconf 88' lang='lat' dir='ltr'>credit</span> <span class='ocrx_word' id='word_1_377' title='bbox 429 3141 552 3205; x_wconf 88' lang='lat' dir='ltr'>Bergkius</span> <span class='ocrx_word' id='word_1_378' title='bbox 579 3143 676 3191; x_wconf 64' lang='grc' dir='ltr'>ὢνιον.</span> <span class='ocrx_word' id='word_1_379' title='bbox 720 3139 896 3202; x_wconf 81' lang='grc' dir='ltr'>Ἀναφλύστιος</span> <span class='ocrx_word' id='word_1_380' title='bbox 907 3143 980 3192; x_wconf 91' lang='lat' dir='ltr'>simul</span> <span class='ocrx_word' id='word_1_381' title='bbox 998 3143 1119 3206; x_wconf 76' lang='lat' dir='ltr'>significat</span> <span class='ocrx_word' id='word_1_382' title='bbox 1136 3143 1173 3191; x_wconf 89' lang='lat' dir='ltr'>vir</span> <span class='ocrx_word' id='word_1_383' title='bbox 1189 3160 1220 3192; x_wconf 87' lang='lat' dir='ltr'>ex</span> <span class='ocrx_word' id='word_1_384' title='bbox 1234 3143 1318 3202; x_wconf 88' lang='lat' dir='ltr'>demo,</span> 
     </span>
     <span class='ocr_line' id='line_1_36' title="bbox 76 3218 1320 3288; baseline 0.004 -23"><span class='ocrx_word' id='word_1_385' title='bbox 76 3229 162 3288; x_wconf 66' lang='grc' dir='ltr'>μανι</span> <span class='ocrx_word' id='word_1_386' title='bbox 723 3219 762 3268; x_wconf 86' lang='lat' dir='ltr'>cui</span> <span class='ocrx_word' id='word_1_387' title='bbox 784 3235 876 3269; x_wconf 91' lang='lat' dir='ltr'>nomen</span> <span class='ocrx_word' id='word_1_388' title='bbox 896 3218 1063 3282; x_wconf 74' lang='grc' dir='ltr'>Ἀνάφλυστος</span> <span class='ocrx_word' id='word_1_389' title='bbox 1080 3238 1144 3286; x_wconf 88' lang='lat' dir='ltr'>quae</span> <span class='ocrx_word' id='word_1_390' title='bbox 1167 3229 1220 3272; x_wconf 82' lang='lat' dir='ltr'>erat</span> <span class='ocrx_word' id='word_1_391' title='bbox 1241 3223 1320 3271; x_wconf 87' lang='lat' dir='ltr'>tribus</span> 
     </span>
    </p>

    <p class='ocr_par' dir='ltr' id='par_1_8' title="bbox 78 3292 1322 3517">
     <span class='ocr_line' id='line_1_37' title="bbox 127 3292 1321 3367; baseline 0.003 -23"><span class='ocrx_word' id='word_1_392' title='bbox 127 3292 369 3360; x_wconf 77' lang='grc' dir='ltr'>Σορδανάπαλλοςι</span> <span class='ocrx_word' id='word_1_393' title='bbox 388 3294 505 3359; x_wconf 85' lang='lat' dir='ltr'>Assyriae</span> <span class='ocrx_word' id='word_1_394' title='bbox 517 3312 559 3345; x_wconf 86' lang='lat' dir='ltr'>rex</span> <span class='ocrx_word' id='word_1_395' title='bbox 571 3295 679 3345; x_wconf 89' lang='lat' dir='ltr'>celeber·</span> <span class='ocrx_word' id='word_1_396' title='bbox 723 3297 889 3358; x_wconf 79' lang='lat' dir='ltr'>Antiochidis,</span> <span class='ocrx_word' id='word_1_397' title='bbox 904 3299 977 3367; x_wconf 78' lang='lat' dir='ltr'>simul</span> <span class='ocrx_word' id='word_1_398' title='bbox 994 3300 1026 3348; x_wconf 91' lang='lat' dir='ltr'>ad</span> <span class='ocrx_word' id='word_1_399' title='bbox 1044 3299 1156 3360; x_wconf 76' lang='grc' dir='ltr'>ἀναφλῶν</span> <span class='ocrx_word' id='word_1_400' title='bbox 1167 3317 1191 3349; x_wconf 75' lang='grc' dir='ltr'>ν,</span> <span class='ocrx_word' id='word_1_401' title='bbox 1203 3300 1273 3352; x_wconf 81' lang='lat' dir='ltr'>obse.</span> <span class='ocrx_word' id='word_1_402' title='bbox 1285 3316 1321 3348; x_wconf 90' lang='lat' dir='ltr'>re·</span> 
     </span>
     <span class='ocr_line' id='line_1_38' title="bbox 78 3374 1322 3443; baseline 0.003 -20"><span class='ocrx_word' id='word_1_403' title='bbox 78 3374 167 3423; x_wconf 85' lang='lat' dir='ltr'>rimus:</span> <span class='ocrx_word' id='word_1_404' title='bbox 199 3376 234 3424; x_wconf 90' lang='grc' dir='ltr'>τίς</span> <span class='ocrx_word' id='word_1_405' title='bbox 262 3376 275 3425; x_wconf 90' lang='grc' dir='ltr'>δ</span> <span class='ocrx_word' id='word_1_406' title='bbox 301 3376 556 3439; x_wconf 75' lang='grc' dir='ltr'>Σαρδανάπαλλος</span> <span class='ocrx_word' id='word_1_407' title='bbox 584 3374 680 3433; x_wconf 62' lang='lat' dir='ltr'>aurach</span> <span class='ocrx_word' id='word_1_408' title='bbox 721 3375 805 3434; x_wconf 59' lang='grc' dir='ltr'>ἱστίαι,</span> <span class='ocrx_word' id='word_1_409' title='bbox 816 3377 856 3425; x_wconf 81' lang='lat' dir='ltr'>sic</span> <span class='ocrx_word' id='word_1_410' title='bbox 872 3378 897 3425; x_wconf 89' lang='lat' dir='ltr'>in</span> <span class='ocrx_word' id='word_1_411' title='bbox 916 3377 1029 3427; x_wconf 87' lang='lat' dir='ltr'>Sebiuo</span> <span class='ocrx_word' id='word_1_412' title='bbox 1047 3394 1146 3443; x_wconf 83' lang='lat' dir='ltr'>quoque</span> <span class='ocrx_word' id='word_1_413' title='bbox 1162 3379 1195 3428; x_wconf 87' lang='lat' dir='ltr'>ad</span> <span class='ocrx_word' id='word_1_414' title='bbox 1207 3395 1230 3427; x_wconf 87' lang='lat' dir='ltr'>v.</span> <span class='ocrx_word' id='word_1_415' title='bbox 1246 3379 1322 3440; x_wconf 78' lang='grc' dir='ltr'>βινεῖν</span> 
     </span>
     <span class='ocr_line' id='line_1_39' title="bbox 79 3452 841 3517; baseline 0.003 -17"><span class='ocrx_word' id='word_1_416' title='bbox 79 3453 177 3517; x_wconf 90' lang='lat' dir='ltr'>quaerit</span> <span class='ocrx_word' id='word_1_417' title='bbox 199 3452 353 3501; x_wconf 83' lang='lat' dir='ltr'>Pithetaenis</span> <span class='ocrx_word' id='word_1_418' title='bbox 372 3453 419 3500; x_wconf 90' lang='lat' dir='ltr'>Av.</span> <span class='ocrx_word' id='word_1_419' title='bbox 436 3465 495 3500; x_wconf 75' lang='grc' dir='ltr'>ποτε</span> <span class='ocrx_word' id='word_1_420' title='bbox 516 3452 570 3500; x_wconf 88' lang='lat' dir='ltr'>viso</span> <span class='ocrx_word' id='word_1_421' title='bbox 584 3452 679 3515; x_wconf 87' lang='lat' dir='ltr'>inspee·</span> <span class='ocrx_word' id='word_1_422' title='bbox 719 3453 841 3502; x_wconf 77' lang='lat' dir='ltr'>alluditur</span> 
     </span>
    </p>
   </div>
   <div class='ocr_carea' id='block_1_5' title="bbox 78 3496 1328 3747">
    <p class='ocr_par' dir='ltr' id='par_1_9' title="bbox 78 3496 1328 3747">
     <span class='ocr_line' id='line_1_40' title="bbox 79 3496 1328 3596; baseline 0.004 -18"><span class='ocrx_word' id='word_1_423' title='bbox 79 3539 134 3579; x_wconf 87' lang='lat' dir='ltr'>tore</span> <span class='ocrx_word' id='word_1_424' title='bbox 154 3528 296 3592; x_wconf 70' lang='grc' dir='ltr'>(ἐκισκδτιρ)</span> <span class='ocrx_word' id='word_1_425' title='bbox 317 3519 450 3594; x_wconf 74' lang='lat' dir='ltr'>propterea</span> <span class='ocrx_word' id='word_1_426' title='bbox 468 3529 536 3592; x_wconf 81' lang='lat' dir='ltr'>qnod</span> <span class='ocrx_word' id='word_1_427' title='bbox 552 3529 639 3577; x_wconf 82' lang='lat' dir='ltr'>habitu</span> <span class='ocrx_word' id='word_1_428' title='bbox 656 3536 681 3577; x_wconf 88' lang='lat' dir='ltr'>et</span> <span class='ocrx_word' id='word_1_429' title='bbox 769 3528 947 3593; x_wconf 70' lang='grc' dir='ltr'>’Σιλλάρτιαςι</span> <span class='ocrx_word' id='word_1_430' title='bbox 959 3534 1035 3596; x_wconf 86' lang='lat' dir='ltr'>Vesp.</span> <span class='ocrx_word' id='word_1_431' title='bbox 1049 3545 1105 3595; x_wconf 81' lang='lat'><strong>459,</strong></span> <span class='ocrx_word' id='word_1_432' title='bbox 1119 3536 1158 3583; x_wconf 82' lang='grc' dir='ltr'>καί</span> <span class='ocrx_word' id='word_1_433' title='bbox 1170 3535 1201 3582; x_wconf 82' lang='grc' dir='ltr'>αι)</span> <span class='ocrx_word' id='word_1_434' title='bbox 1213 3496 1328 3596; x_wconf 80' lang='grc' dir='ltr'>προσθεὶς</span> 
     </span>
     <span class='ocr_line' id='line_1_41' title="bbox 78 3605 1325 3674; baseline 0.004 -20"><span class='ocrx_word' id='word_1_435' title='bbox 78 3607 178 3655; x_wconf 88' lang='lat' dir='ltr'>incessu</span> <span class='ocrx_word' id='word_1_436' title='bbox 190 3622 273 3670; x_wconf 85' lang='lat' dir='ltr'>regern</span> <span class='ocrx_word' id='word_1_437' title='bbox 290 3607 512 3656; x_wconf 86' lang='lat' dir='ltr'>luxuriosissimum</span> <span class='ocrx_word' id='word_1_438' title='bbox 524 3614 549 3654; x_wconf 91' lang='lat' dir='ltr'>et</span> <span class='ocrx_word' id='word_1_439' title='bbox 566 3605 681 3653; x_wconf 81' lang='lat' dir='ltr'>mollissi-</span> <span class='ocrx_word' id='word_1_440' title='bbox 724 3608 842 3668; x_wconf 76' lang='grc' dir='ltr'>Αἰσχίνην</span> <span class='ocrx_word' id='word_1_441' title='bbox 868 3610 956 3669; x_wconf 73' lang='grc' dir='ltr'>ἔντυφε</span> <span class='ocrx_word' id='word_1_442' title='bbox 987 3613 1029 3658; x_wconf 82' lang='grc' dir='ltr'>τὸν</span> <span class='ocrx_word' id='word_1_443' title='bbox 1056 3613 1248 3674; x_wconf 76' lang='grc' dir='ltr'>Σελλαρτίου,</span> <span class='ocrx_word' id='word_1_444' title='bbox 1279 3614 1325 3661; x_wconf 90' lang='lat' dir='ltr'>ubi</span> 
     </span>
     <span class='ocr_line' id='line_1_42' title="bbox 80 3684 1325 3747; baseline 0.002 -14"><span class='ocrx_word' id='word_1_445' title='bbox 80 3700 151 3733; x_wconf 90' lang='lat' dir='ltr'>mum</span> <span class='ocrx_word' id='word_1_446' title='bbox 163 3684 253 3733; x_wconf 84' lang='lat' dir='ltr'>referre</span> <span class='ocrx_word' id='word_1_447' title='bbox 264 3685 389 3734; x_wconf 89' lang='lat' dir='ltr'>videretur</span> <span class='ocrx_word' id='word_1_448' title='bbox 724 3684 813 3733; x_wconf 87' lang='lat' dir='ltr'>schol:</span> <span class='ocrx_word' id='word_1_449' title='bbox 831 3685 884 3732; x_wconf 81' lang='grc' dir='ltr'>ἀντί</span> <span class='ocrx_word' id='word_1_450' title='bbox 900 3687 943 3732; x_wconf 80' lang='grc' dir='ltr'>τοῦ</span> <span class='ocrx_word' id='word_1_451' title='bbox 954 3687 1029 3734; x_wconf 81' lang='grc' dir='ltr'>είκεῒν</span> <span class='ocrx_word' id='word_1_452' title='bbox 1041 3688 1143 3744; x_wconf 74' lang='grc' dir='ltr'>Σέλλου,</span> <span class='ocrx_word' id='word_1_453' title='bbox 1157 3689 1255 3747; x_wconf 73' lang='grc' dir='ltr'>ἔκνιξεν</span> <span class='ocrx_word' id='word_1_454' title='bbox 1271 3691 1325 3737; x_wconf 76' lang='grc' dir='ltr'>ἐτε-</span> 
     </span>
    </p>
   </div>
   <div class='ocr_carea' id='block_1_6' title="bbox 129 3759 1325 3827">
    <p class='ocr_par' dir='ltr' id='par_1_10' title="bbox 129 3759 1325 3827">
     <span class='ocr_line' id='line_1_43' title="bbox 129 3759 1325 3827; baseline 0.004 -16"><span class='ocrx_word' id='word_1_455' title='bbox 129 3759 254 3826; x_wconf 72' lang='grc' dir='ltr'>Σάρδυνε</span> <span class='ocrx_word' id='word_1_456' title='bbox 277 3763 336 3812; x_wconf 85' lang='lat' dir='ltr'>urbs</span> <span class='ocrx_word' id='word_1_457' title='bbox 356 3763 465 3825; x_wconf 73' lang='lat' dir='ltr'>Lydiaer</span> <span class='ocrx_word' id='word_1_458' title='bbox 490 3764 532 3810; x_wconf 77' lang='grc' dir='ltr'>καί</span> <span class='ocrx_word' id='word_1_459' title='bbox 554 3761 634 3822; x_wconf 81' lang='grc' dir='ltr'>θαῦμά</span> <span class='ocrx_word' id='word_1_460' title='bbox 655 3761 683 3823; x_wconf 80' lang='grc' dir='ltr'>γ’</span> <span class='ocrx_word' id='word_1_461' title='bbox 726 3765 818 3813; x_wconf 81' lang='grc' dir='ltr'>κτείνας</span> <span class='ocrx_word' id='word_1_462' title='bbox 835 3766 1028 3827; x_wconf 65' lang='grc' dir='ltr'>Σελλαρτίου,</span> <span class='ocrx_word' id='word_1_463' title='bbox 1042 3766 1079 3815; x_wconf 75' lang='grc' dir='ltr'>ἵνα</span> <span class='ocrx_word' id='word_1_464' title='bbox 1096 3766 1171 3815; x_wconf 74' lang='grc' dir='ltr'>πάλιν</span> <span class='ocrx_word' id='word_1_465' title='bbox 1188 3767 1218 3816; x_wconf 85' lang='grc' dir='ltr'>ῶς</span> <span class='ocrx_word' id='word_1_466' title='bbox 1235 3771 1325 3818; x_wconf 77' lang='grc' dir='ltr'>καπνὸν</span> 
     </span>
    </p>
   </div>
   <div class='ocr_carea' id='block_1_7' title="bbox 80 3836 1330 3908">
    <p class='ocr_par' dir='ltr' id='par_1_11' title="bbox 80 3836 1330 3908">
     <span class='ocr_line' id='line_1_44' title="bbox 80 3836 1330 3908; baseline 0.006 -19"><span class='ocrx_word' id='word_1_467' title='bbox 80 3840 186 3901; x_wconf 82' lang='grc' dir='ltr'>(αίεσάαί</span> <span class='ocrx_word' id='word_1_468' title='bbox 197 3858 225 3889; x_wconf 83' lang='grc' dir='ltr'>σε</span> <span class='ocrx_word' id='word_1_469' title='bbox 238 3843 339 3903; x_wconf 84' lang='grc' dir='ltr'>σισύραν</span> <span class='ocrx_word' id='word_1_470' title='bbox 354 3841 506 3900; x_wconf 78' lang='grc' dir='ltr'>θυμαιτίδαί,</span> <span class='ocrx_word' id='word_1_471' title='bbox 522 3842 545 3889; x_wconf 76' lang='grc' dir='ltr'>ἐς</span> <span class='ocrx_word' id='word_1_472' title='bbox 562 3841 683 3903; x_wconf 81' lang='grc' dir='ltr'>Σάρδεις</span> <span class='ocrx_word' id='word_1_473' title='bbox 726 3845 860 3905; x_wconf 63' lang='grc' dir='ltr'>κωμῳδίαν)</span> <span class='ocrx_word' id='word_1_474' title='bbox 881 3846 923 3893; x_wconf 74' lang='grc' dir='ltr'>καί</span> <span class='ocrx_word' id='word_1_475' title='bbox 946 3846 1133 3908; x_wconf 72' lang='grc' dir='ltr'>ψευδότλουταν,</span> <span class='ocrx_word' id='word_1_476' title='bbox 1176 3836 1242 3896; x_wconf 80' lang='lat' dir='ltr'>Vide</span> <span class='ocrx_word' id='word_1_477' title='bbox 1263 3864 1282 3897; x_wconf 87' lang='lat' dir='ltr'>s.</span> <span class='ocrx_word' id='word_1_478' title='bbox 1296 3864 1330 3898; x_wconf 58' lang='lat' dir='ltr'>n:</span> 
     </span>
    </p>
   </div>
   <div class='ocr_carea' id='block_1_8' title="bbox 3 3919 957 3987">
    <p class='ocr_par' dir='ltr' id='par_1_12' title="bbox 3 3919 957 3987">
     <span class='ocr_line' id='line_1_45' title="bbox 3 3919 957 3987; baseline 0.005 -21"><span class='ocrx_word' id='word_1_479' title='bbox 3 3980 4 3985; x_wconf 12' lang='lat'>¹</span> <span class='ocrx_word' id='word_1_480' title='bbox 79 3922 131 3982; x_wconf 77' lang='grc' dir='ltr'>γὰρ</span> <span class='ocrx_word' id='word_1_481' title='bbox 150 3921 192 3967; x_wconf 75' lang='grc' dir='ltr'>οὐκ</span> <span class='ocrx_word' id='word_1_482' title='bbox 210 3921 329 3978; x_wconf 78' lang='grc' dir='ltr'>ἐλήλυθας</span> <span class='ocrx_word' id='word_1_483' title='bbox 351 3921 428 3984; x_wconf 81' lang='lat' dir='ltr'>Vesp.</span> <span class='ocrx_word' id='word_1_484' title='bbox 452 3933 521 3984; x_wconf 80' lang='lat'>1139,</span> <span class='ocrx_word' id='word_1_485' title='bbox 545 3919 570 3967; x_wconf 89' lang='lat' dir='ltr'>h.</span> <span class='ocrx_word' id='word_1_486' title='bbox 579 3935 601 3967; x_wconf 86' lang='lat' dir='ltr'>e.</span> <span class='ocrx_word' id='word_1_487' title='bbox 622 3933 683 3966; x_wconf 85' lang='lat' dir='ltr'>non</span> <span class='ocrx_word' id='word_1_488' title='bbox 725 3920 861 3986; x_wconf 71' lang='grc' dir='ltr'>Αἰσχίνης</span> <span class='ocrx_word' id='word_1_489' title='bbox 873 3939 896 3987; x_wconf 85' lang='lat' dir='ltr'>p.</span> <span class='ocrx_word' id='word_1_490' title='bbox 912 3924 957 3985; x_wconf 86' lang='lat'>785</span> 
     </span>
    </p>
   </div>
   <div class='ocr_carea' id='block_1_9' title="bbox 53 3997 1331 4453">
    <p class='ocr_par' dir='ltr' id='par_1_13' title="bbox 53 3997 1327 4298">
     <span class='ocr_line' id='line_1_46' title="bbox 53 3997 1323 4066; baseline 0 -19"><span class='ocrx_word' id='word_1_491' title='bbox 53 4041 56 4047; x_wconf 85' lang='grc'><em>.</em></span> <span class='ocrx_word' id='word_1_492' title='bbox 80 3999 189 4047; x_wconf 89' lang='lat' dir='ltr'>mirum</span> <span class='ocrx_word' id='word_1_493' title='bbox 206 3998 346 4047; x_wconf 88' lang='lat' dir='ltr'>telaenam</span> <span class='ocrx_word' id='word_1_494' title='bbox 357 3997 422 4047; x_wconf 86' lang='lat' dir='ltr'>hanc</span> <span class='ocrx_word' id='word_1_495' title='bbox 438 3999 572 4063; x_wconf 81' lang='lat' dir='ltr'>pretiosam</span> <span class='ocrx_word' id='word_1_496' title='bbox 584 3999 686 4059; x_wconf 58' lang='grc' dir='ltr'>σισύραν,</span> <span class='ocrx_word' id='word_1_497' title='bbox 773 3997 886 4053; x_wconf 71' lang='grc' dir='ltr'>Σίλλοςς</span> <span class='ocrx_word' id='word_1_498' title='bbox 903 4009 973 4065; x_wconf 80' lang='lat' dir='ltr'>pater</span> <span class='ocrx_word' id='word_1_499' title='bbox 991 4002 1130 4062; x_wconf 67' lang='lat' dir='ltr'>Aeschinis,</span> <span class='ocrx_word' id='word_1_500' title='bbox 1146 4003 1205 4052; x_wconf 71' lang='lat' dir='ltr'>¹cide</span> <span class='ocrx_word' id='word_1_501' title='bbox 1221 4019 1246 4066; x_wconf 86' lang='lat' dir='ltr'>p.</span> <span class='ocrx_word' id='word_1_502' title='bbox 1269 4005 1323 4066; x_wconf 73' lang='lat'><strong>785.</strong></span> 
     </span>
     <span class='ocr_line' id='line_1_47' title="bbox 80 4075 1327 4146; baseline 0.002 -21"><span class='ocrx_word' id='word_1_503' title='bbox 80 4075 218 4140; x_wconf 85' lang='lat' dir='ltr'>appellare,</span> <span class='ocrx_word' id='word_1_504' title='bbox 228 4091 325 4139; x_wconf 87' lang='lat' dir='ltr'>neque</span> <span class='ocrx_word' id='word_1_505' title='bbox 337 4079 414 4125; x_wconf 86' lang='lat' dir='ltr'>enirn</span> <span class='ocrx_word' id='word_1_506' title='bbox 425 4076 535 4125; x_wconf 86' lang='lat' dir='ltr'>Sardes</span> <span class='ocrx_word' id='word_1_507' title='bbox 546 4090 684 4140; x_wconf 84' lang='lat' dir='ltr'>umquam</span> <span class='ocrx_word' id='word_1_508' title='bbox 727 4077 850 4140; x_wconf 82' lang='lat' dir='ltr'>Amyniae</span> <span class='ocrx_word' id='word_1_509' title='bbox 861 4087 932 4143; x_wconf 78' lang='lat' dir='ltr'>pater</span> <span class='ocrx_word' id='word_1_510' title='bbox 942 4079 1043 4143; x_wconf 82' lang='lat' dir='ltr'>fingitur</span> <span class='ocrx_word' id='word_1_511' title='bbox 1053 4096 1106 4129; x_wconf 85' lang='lat' dir='ltr'>esse</span> <span class='ocrx_word' id='word_1_512' title='bbox 1117 4096 1167 4144; x_wconf 77' lang='lat' dir='ltr'>qno</span> <span class='ocrx_word' id='word_1_513' title='bbox 1177 4082 1327 4146; x_wconf 77' lang='lat' dir='ltr'>perstringa-</span> 
     </span>
     <span class='ocr_line' id='line_1_48' title="bbox 78 4153 1327 4220; baseline 0.004 -17"><span class='ocrx_word' id='word_1_514' title='bbox 78 4153 201 4212; x_wconf 71' lang='lat' dir='ltr'>venisti,</span> <span class='ocrx_word' id='word_1_515' title='bbox 220 4169 301 4218; x_wconf 90' lang='lat' dir='ltr'>neque</span> <span class='ocrx_word' id='word_1_516' title='bbox 317 4153 377 4216; x_wconf 89' lang='lat' dir='ltr'>quid</span> <span class='ocrx_word' id='word_1_517' title='bbox 396 4153 455 4202; x_wconf 90' lang='lat' dir='ltr'>inde</span> <span class='ocrx_word' id='word_1_518' title='bbox 472 4153 504 4202; x_wconf 86' lang='lat' dir='ltr'>ad</span> <span class='ocrx_word' id='word_1_519' title='bbox 521 4168 566 4200; x_wconf 89' lang='lat' dir='ltr'>nos</span> <span class='ocrx_word' id='word_1_520' title='bbox 583 4153 685 4215; x_wconf 90' lang='lat' dir='ltr'>pretiosi</span> <span class='ocrx_word' id='word_1_521' title='bbox 727 4161 767 4203; x_wconf 90' lang='lat' dir='ltr'>tur</span> <span class='ocrx_word' id='word_1_522' title='bbox 777 4163 911 4218; x_wconf 82' lang='lat' dir='ltr'>paupertas</span> <span class='ocrx_word' id='word_1_523' title='bbox 924 4156 1054 4219; x_wconf 63' lang='lat' dir='ltr'>Amyniae</span> <span class='ocrx_word' id='word_1_524' title='bbox 1069 4156 1145 4220; x_wconf 88' lang='lat' dir='ltr'>Vesp.</span> <span class='ocrx_word' id='word_1_525' title='bbox 1163 4155 1231 4218; x_wconf 70' lang='lat'><strong>1267·</strong></span> <span class='ocrx_word' id='word_1_526' title='bbox 1261 4158 1327 4209; x_wconf 90' lang='lat' dir='ltr'>Vide</span> 
     </span>
     <span class='ocr_line' id='line_1_49' title="bbox 80 4229 1026 4298; baseline 0.001 -17"><span class='ocrx_word' id='word_1_527' title='bbox 80 4232 200 4281; x_wconf 84' lang='lat' dir='ltr'>afferatur</span> <span class='ocrx_word' id='word_1_528' title='bbox 210 4231 283 4280; x_wconf 90' lang='lat' dir='ltr'>nosti.</span> <span class='ocrx_word' id='word_1_529' title='bbox 321 4229 423 4279; x_wconf 87' lang='lat' dir='ltr'>Incolae</span> <span class='ocrx_word' id='word_1_530' title='bbox 440 4231 508 4279; x_wconf 89' lang='lat' dir='ltr'>urbis</span> <span class='ocrx_word' id='word_1_531' title='bbox 526 4230 684 4292; x_wconf 89' lang='grc' dir='ltr'>Σαρδιανοί</span> <span class='ocrx_word' id='word_1_532' title='bbox 725 4246 779 4280; x_wconf 68' lang='lat' dir='ltr'>nn.</span> <span class='ocrx_word' id='word_1_533' title='bbox 792 4230 964 4298; x_wconf 68' lang='grc' dir='ltr'>Αίσχίνηςρ,</span> <span class='ocrx_word' id='word_1_534' title='bbox 981 4234 1026 4296; x_wconf 81' lang='lat'>785</span> 
     </span>
    </p>

    <p class='ocr_par' dir='ltr' id='par_1_14' title="bbox 81 4307 1331 4453">
     <span class='ocr_line' id='line_1_50' title="bbox 81 4307 1328 4375; baseline 0.004 -16"><span class='ocrx_word' id='word_1_535' title='bbox 81 4325 208 4375; x_wconf 88' lang='lat' dir='ltr'>purpurae</span> <span class='ocrx_word' id='word_1_536' title='bbox 230 4308 364 4373; x_wconf 77' lang='lat' dir='ltr'>tingendae</span> <span class='ocrx_word' id='word_1_537' title='bbox 383 4308 488 4358; x_wconf 83' lang='lat' dir='ltr'>artificio</span> <span class='ocrx_word' id='word_1_538' title='bbox 506 4308 615 4371; x_wconf 86' lang='lat' dir='ltr'>insignes</span> <span class='ocrx_word' id='word_1_539' title='bbox 634 4308 685 4356; x_wconf 84' lang='lat' dir='ltr'>sue·</span> <span class='ocrx_word' id='word_1_540' title='bbox 718 4330 720 4334; x_wconf 50' lang='lat'><em>⁴</em></span> <span class='ocrx_word' id='word_1_541' title='bbox 777 4307 889 4375; x_wconf 75' lang='grc' dir='ltr'>Σκμίληι</span> <span class='ocrx_word' id='word_1_542' title='bbox 907 4309 1130 4373; x_wconf 73' lang='grc' dir='ltr'>ῶδιάςτκΒρίροε</span> <span class='ocrx_word' id='word_1_543' title='bbox 1141 4313 1328 4370; x_wconf 73' lang='grc' dir='ltr'>καίΣομέλας</span> 
     </span>
     <span class='ocr_line' id='line_1_51' title="bbox 81 4384 1331 4453; baseline 0.004 -16"><span class='ocrx_word' id='word_1_544' title='bbox 81 4394 156 4448; x_wconf 90' lang='lat' dir='ltr'>runt;</span> <span class='ocrx_word' id='word_1_545' title='bbox 178 4387 236 4437; x_wconf 90' lang='lat' dir='ltr'>vide</span> <span class='ocrx_word' id='word_1_546' title='bbox 257 4387 321 4436; x_wconf 89' lang='lat' dir='ltr'>Plin.</span> <span class='ocrx_word' id='word_1_547' title='bbox 344 4386 379 4435; x_wconf 90' lang='lat' dir='ltr'>N.</span> <span class='ocrx_word' id='word_1_548' title='bbox 397 4388 432 4436; x_wconf 90' lang='lat' dir='ltr'>H.</span> <span class='ocrx_word' id='word_1_549' title='bbox 455 4398 496 4435; x_wconf 88' lang='lat' dir='ltr'>v11</span> <span class='ocrx_word' id='word_1_550' title='bbox 516 4384 546 4447; x_wconf 87' lang='lat'>56</span> <span class='ocrx_word' id='word_1_551' title='bbox 566 4385 687 4450; x_wconf 76' lang='lat' dir='ltr'>Aegyptii</span> <span class='ocrx_word' id='word_1_552' title='bbox 730 4389 777 4437; x_wconf 80' lang='grc' dir='ltr'>σαῖ</span> <span class='ocrx_word' id='word_1_553' title='bbox 793 4388 842 4436; x_wconf 89' lang='lat' dir='ltr'>Th.</span> <span class='ocrx_word' id='word_1_554' title='bbox 856 4401 923 4453; x_wconf 72' lang='lat'>9913</span> <span class='ocrx_word' id='word_1_555' title='bbox 941 4388 1025 4451; x_wconf 77' lang='grc' dir='ltr'>ῶσπερ</span> <span class='ocrx_word' id='word_1_556' title='bbox 1036 4389 1151 4452; x_wconf 76' lang='grc' dir='ltr'>τρδτκρον</span> <span class='ocrx_word' id='word_1_557' title='bbox 1161 4393 1331 4451; x_wconf 63' lang='grc' dir='ltr'>μοιχεύσαντος</span> 
     </span>
    </p>
   </div>
   <div class='ocr_carea' id='block_1_10' title="bbox 685 4482 1233 4554">
    <p class='ocr_par' dir='ltr' id='par_1_15' title="bbox 685 4482 1233 4554">
     <span class='ocr_line' id='line_1_52' title="bbox 685 4482 1233 4554; baseline 0.013 -21"><span class='ocrx_word' id='word_1_558' title='bbox 685 4482 738 4535; x_wconf 77' lang='lat'>(919)</span> <span class='ocrx_word' id='word_1_559' title='bbox 1201 4487 1233 4554; x_wconf 86' lang='lat'>78</span> 
     </span>
    </p>
   </div>
   <div class='ocr_carea' id='block_1_11' title="bbox 0 0 1644 5254">
    <p class='ocr_par' dir='ltr' id='par_1_16' title="bbox 0 0 1644 5254">
     <span class='ocr_line' id='line_1_53' title="bbox 0 0 1644 5254; baseline 0 0"><span class='ocrx_word' id='word_1_560' title='bbox 0 0 1644 5254; x_wconf 95' lang='lat' dir='ltr'> </span> 
     </span>
    </p>
   </div>
  </div>
 </body>
</html>
