3262 5254
513 440 1012 535 Φυρόμαχος-τΧαιρεφῶν

144 617 180 678 μὴ
201 616 384 678 μνησικακήσῃς
407 616 429 664 el
448 616 478 664 orl
499 615 582 673 Φυλὴν
601 614 749 674 northwest
786 613 869 662 studia
896 614 988 663 imitari
1016 612 1148 667 studebat.⁴
1187 615 1256 664 Hinc
1283 616 1306 664 ei
1332 609 1385 664 noir

145 694 237 744 vides.
255 710 278 745 n.
300 690 492 761 Θρασύβουλος
509 707 535 757 p.
557 693 613 754 838.
651 690 745 755 Phyle
785 694 866 754 magis
887 706 963 754 quam
986 694 1105 755 magistro
1135 692 1316 757 Aristophanes
1343 708 1387 757 pe,

143 781 227 821 autem
238 770 555 837 occupataaThrasybulo
570 778 594 820 et
611 769 684 820 sociis
701 769 743 818 01.
785 768 872 831 percit.
908 768 991 817 Causa
1002 776 1085 817 autem
1100 784 1143 818 cur
1158 784 1214 818 eum
1228 770 1386 834 potissimum

144 850 222 899 xcivr
785 843 905 908 delegerit
918 860 993 908 quem
1011 846 1152 895 traduceret
1172 849 1199 894 in
1217 862 1247 896 eo
1267 850 1315 896 sita
1331 862 1385 897 esse
1462 838 1465 845 ’

193 923 363 992 Φυρόμαχον
392 926 461 977 Ecci.
488 941 526 984 11,
550 924 700 987 taratauc&
721 919 744 971 δ’
786 921 890 980 videtur,
915 922 984 986 quod
1012 924 1114 986 ingenio
1141 939 1198 973 acer
1222 932 1248 973 et
1275 924 1384 974 fervidus

144 1003 208 1062 ἡμᾶς
226 1007 300 1065 ἔδρας,
321 1004 531 1066 άκ1>αράμαχάο
550 1001 608 1052 ποτ’
628 1003 702 1062 εἶπεν,
723 1001 745 1048 εἰ
786 999 901 1060 (σφοδρὸς
923 998 960 1061 ἐφ’
987 1001 1027 1050 ὅτι
1054 1000 1167 1062 ὁρμήσειε
1191 1001 1289 1051 Platon.
1312 1002 1384 1065 Apol.
1434 1014 1437 1021 ’

144 1081 261 1140 μέμνησθ’
271 1083 322 1142 ἔτι,
337 1083 381 1130 δεῖ
391 1079 442 1132 πάι
459 1082 541 1143 ἐτέρας
557 1097 608 1130 πως
628 1079 746 1140 κάγκαθο
784 1092 812 1140 p.
832 1090 861 1123 11
880 1078 908 1136 A)
924 1083 996 1126 tanto
1014 1093 1099 1127 amore
1117 1076 1325 1142 complecteretur
1339 1079 1387 1128 So·

143 1158 351 1217 ζαμέναελαθεῖνι
368 1174 498 1222 quaecum
515 1158 575 1206 dicit
595 1158 742 1218 Praxagora,
787 1162 880 1203 cratem
896 1162 924 1204 ut
941 1154 981 1203 vel
999 1155 1072 1204 Plato
1090 1171 1148 1204 eum
1166 1171 1217 1204 non
1231 1156 1285 1206 sine
1300 1156 1388 1206 aculeo
1469 1158 1471 1162 ⁴

95 1282 97 1286 ,
145 1234 224 1297 digito
236 1242 357 1284 monstrat
369 1234 445 1283 aliam
458 1235 548 1298 Pnycis
557 1242 652 1297 partem
663 1232 707 1280 ubi
719 1246 746 1281 se
787 1233 884 1289 μανικὸν
911 1231 1000 1281 dixerit
1028 1232 1054 1280 in
1084 1232 1219 1281 Charmide
1243 1249 1269 1297 p.
1299 1245 1386 1296 15311.

144 1311 222 1361 latero
239 1327 312 1375 posse
328 1319 418 1375 sperat.
451 1311 520 1372 Quid
539 1318 622 1361 autem
636 1308 699 1357 illud
714 1307 746 1357 sit
790 1308 886 1357 Socrati
906 1309 940 1358 ab
960 1309 1061 1358 ineunte
1080 1316 1161 1358 aetate
1181 1310 1308 1359 familiarls
1330 1310 1385 1359 suit·
1428 1301 1432 1308 ’

144 1388 215 1452 ¹qrtod
233 1387 457 1451 Phyromachus
477 1387 573 1446 dixerit,
587 1389 637 1435 iam
655 1385 688 1434 ab
705 1400 746 1434 ve·
789 1385 880 1449 Populi
897 1385 1008 1450 partibus
1024 1385 1108 1434 favens
1124 1386 1249 1434 debellata
1265 1387 1347 1450 patria
1361 1388 1388 1437 in

144 1466 238 1515 teribus
256 1465 424 1530 grammaticis
441 1471 480 1515 est
496 1465 655 1528 ignoratum
679 1463 747 1511 unde
787 1463 891 1540 exilium
914 1464 1000 1512 cessit:
1025 1463 1139 1512 restituta
1164 1462 1281 1512 libertate
1304 1464 1384 1513 rediit.

145 1540 242 1591 sactum
253 1552 281 1592 ut
292 1543 334 1592 alii
347 1545 463 1605 ψήφισμα
479 1543 607 1606 quoddam
622 1541 688 1590 iliius
705 1556 746 1589 ex·
789 1542 901 1605 Corpore
923 1548 976 1590 erat
992 1539 1092 1590 infirmo
1113 1556 1143 1589 ac
1163 1541 1255 1601 debili;
1279 1542 1385 1593 nimium

143 1621 283 1680 cogitarent
311 1621 370 1670 satis
398 1621 511 1680 absurde,
542 1620 606 1669 dore
633 1620 681 1668 δεῖν
704 1619 747 1667 τὰς
788 1619 877 1668 studiis
905 1619 1042 1669 intabuisse
1067 1626 1095 1669 et
1130 1619 1285 1682 impalluisse
1314 1620 1384 1670 libris

145 1698 262 1755 γυναῖκας
280 1700 325 1747 τὰς
339 1699 434 1759 ἑταίρας
452 1699 526 1759 χωρὶς
552 1698 600 1744 τάν
619 1696 748 1757 ἐλευθέρων
790 1696 870 1756 (Nub.
892 1696 947 1759 1ο4)
965 1696 1075 1745 videtur:
1100 1695 1188 1745 Schol.
1204 1697 1237 1745 ad
1255 1696 1323 1744 Nub.
1338 1712 1387 1760 504
1485 1698 1488 1704 “

146 1773 296 1833 καθέζεσθαι,
320 1774 363 1822 alii
382 1773 529 1823 Cleomachi
548 1789 640 1822 nomen
658 1773 746 1821 substi-
790 1774 966 1837 (Chaerephon
980 1775 1042 1833 erat)
1055 1774 1136 1834 ἰσχνὸς
1148 1775 1189 1821 καὶ
1202 1775 1279 1834 ὠχρὸς
1293 1776 1338 1822 lire
1350 1781 1388 1835 φι·

146 1858 251 1910 tuerent,
273 1852 399 1901 histrionis
418 1852 513 1916 tragici,
528 1866 602 1915 quem
620 1851 748 1912 φαίνεσθαι
790 1852 895 1911 λοσοφίρ
907 1849 1072 1910 συντετηκάτ;
1087 1850 1204 1900 Philostr.
1221 1853 1267 1900 Vit.
1282 1852 1385 1915 Sophist.

146 1929 329 1989 ὑποκρινάμενάν
344 1947 407 1977 ποτε
425 1930 541 1991 εἰρηκέναι
561 1946 585 1976 τι
603 1929 627 1976 ἐν
645 1928 749 1988 δράματι
784 1934 909 1990 prootm.;
927 1928 1068 2000 ἐκεῖνορμὲν
1078 1929 1127 1991 γάρ
1143 1928 1190 1976 ὑπὸ
1205 1929 1389 1989 φροντισμάταν

59 2011 70 2047 '-
148 2008 188 2054 καὶ
198 2007 407 2067 ἐσκῶφθαιὸιὰτὸ
420 2008 582 2066 κακέμφατον.
617 2005 693 2068 Quod
704 2020 748 2053 110·
792 2006 866 2053 ἐνόσει
879 2006 908 2054 τὸ
925 2006 992 2064 αἷμα.
1030 2005 1115 2068 Quare
1132 2021 1147 2054 a
1165 2005 1277 2055 Cornicis
1295 2008 1390 2066 πύξινοε

145 2089 201 2131 tum
217 2091 255 2132 est
268 2084 415 2148 Hegelocho
426 2084 551 2134 accidisse.
571 2094 700 2133 1111111011
789 2080 873 2132 didius
889 2089 934 2142 est,
954 2082 1023 2147 quod
1038 2089 1103 2131 esset
1119 2082 1210 2131 buxei
1230 2083 1351 2144 coloris,
1365 2092 1390 2135 et

198 2156 358 2225 Φωσφόρου
395 2163 443 2222 τὴν
461 2158 578 2224 Ἄρτεμιν
599 2161 674 2211 oritus
696 2160 749 2210 tra·
790 2161 889 2222 ἡμιθνὴς
900 2164 1113 2210 semimortuus
1130 2160 1164 2209 ab
1176 2161 1304 2226 Aristoph.
1318 2162 1388 2213 Nub.

148 2239 213 2296 λανν,
229 2239 280 2287 ἐπεὶ
293 2240 414 2301 δᾳδοῦχοι.
434 2251 531 2288 scuou.
567 2240 595 2297 νὴ
612 2239 657 2298 τὴν
672 2240 747 2287 Φωσ·
791 2252 845 2300 504.
881 2238 950 2287 Hinc
967 2253 1068 2303 quoque
1084 2239 1189 2300 surrepit
1205 2240 1390 2302 vespertilio

147 2315 224 2376 φόρον
241 2313 299 2378 Lys.
317 2331 380 2378 4⁴33
404 2316 513 2364 Dianam
530 2316 565 2363 ita
582 2322 655 2363 vocat
676 2315 747 2361 Euri·
790 2319 980 2379 cognominatus
992 2322 1029 2365 est
1041 2316 1089 2363 Av.
1101 2331 1124 2363 v.
1140 2326 1211 2378 1297,
1226 2315 1302 2376 1560:

149 2392 221 2455 pides
232 2391 287 2454 Jph.
307 2393 383 2440 Tuur.
397 2408 420 2440 v.
436 2406 464 2438 11
483 2391 512 2449 rvi
528 2390 689 2449 τήνἛκάτην
704 2388 750 2448 τὴν
915 2399 960 2455 ψ’
978 2401 1049 2453 ἀνῆλθ’
1066 2399 1122 2453 αἰαῖ
1138 2401 1231 2443 κάτωθεν

148 2470 308 2530 φωσφόρον
325 2472 390 2518 iurat
407 2467 496 2516 mulier
513 2467 562 2515 Th.
583 2469 630 2528 858
647 2467 750 2516 sortasse
916 2467 967 2515 fluit
980 2465 1005 2506 τδ
1020 2462 1088 2513 λαῖμα
1105 2463 1142 2514 ris
1159 2464 1256 2515 emitae

149 2547 219 2610 quod
231 2548 254 2594 ei
271 2540 442 2594 Mnesilochus
458 2545 630 2608 praestigiator
647 2545 749 2607 quidam
917 2527 1049 2580 Χαψφῶν
1066 2525 1079 2580 ἦ
1096 2527 1200 2579 mapale:

148 2639 203 2672 esse
225 2624 362 2671 videbatur.
397 2619 503 2685 Sped'tra
527 2625 593 2670 enim
617 2624 750 2671 immittere
791 2628 815 2671 et
838 2622 921 2670 νυκτὸς
940 2621 997 2670 aruit
1019 2620 1082 2668 Hor.
1100 2620 1129 2668 fr.
1146 2631 1185 2668 xv
1204 2620 1292 2678 (Mein.
1318 2635 1342 2669 11
1363 2637 1389 2685 p.

149 2702 249 2750 Hecate
260 2700 401 2764 putabatur,
413 2699 479 2747 unde
487 2698 617 2747 Menelaus
630 2698 749 2748 ianlen.
794 2698 864 2762 1175)
882 2699 950 2762 apud
966 2697 1050 2749 Schol.
1072 2697 1170 2746 Platon.
1190 2697 1276 2746 Clark.
1290 2713 1316 2761 p.
1330 2713 1385 2759 331.

147 2777 197 2841 567
792 2778 823 2825 In
845 2776 960 2825 omnibus
980 2775 1054 2824 rebus
1070 2774 1174 2838 praebat
1194 2790 1221 2823 se
1239 2774 1388 2839 discipulum

204 2865 323 2918 ὤφαεφορ
332 2864 415 2916 Ἑκάτη,
424 2866 492 2913 πέμπε
501 2862 598 2914 φάσματ’
607 2862 688 2915 maevi.
790 2855 910 2917 magistro
920 2854 1037 2917 diguum3
1054 2868 1113 2900 num
1124 2867 1175 2900 non
1187 2851 1267 2900 solum
1279 2852 1390 2902 inanium

148 2945 244 2995 Confer
260 2943 337 3008 Soph.
355 2943 443 2991 Traclz.
457 2959 480 2990 v.
495 2955 549 3001 214,
564 2948 589 2991 et
600 2940 657 2990 vide
669 2953 749 2990 sunu·
791 2947 874 2983 feffim
890 2930 1079 2994 perminimi
1094 2945 1120 2978 ⁸0
1137 2929 1213 2990 dedii,
1228 2936 1255 2978 ut
1271 2930 1311 2979 vel
1326 2932 1392 2994 puli·

89 3028 93 3033 “
149 3033 267 3072 1111111111
285 3022 310 3069 in
331 3019 481 3070 Callinrach.
501 3021 599 3085 Hymn.
620 3020 648 3068 in
665 3019 746 3072 Dran.
791 3024 847 3057 cum
866 3007 970 3070 vestigia
989 3006 1391 3068 noverithub.144‚830Xat·

148 3118 172 3149 v.
196 3114 221 3148 11
244 3115 269 3162 p.
286 3111 330 3160 131
551 3082 556 3091 ’
790 3087 888 3147 ρεφῶν
903 3086 928 3133 άς
940 3085 989 3133 αἵδε
1004 3085 1036 3131 τά
1054 3085 1153 3146 ψυλλῶν
1165 3085 1237 3144 ἴχνη),
1252 3085 1296 3133 sed
1314 3086 1389 3134 etiarn

791 3163 937 3223 συκοφαντεῖ
954 3159 1085 3222 (Telmesa
1104 3161 1133 3211 ir.
1151 3172 1202 3208 xlv
1218 3176 1243 3224 p.
1265 3159 1325 3209 1161
1348 3164 1387 3214 ed.

792 3240 884 3298 Mein;
901 3238 963 3288 cons.
979 3240 1056 3302 Vesp.
1073 3253 1134 3300 1413
1151 3237 1194 3286 ubi
1208 3241 1320 3298 κλητεύει
1337 3256 1391 3289 mu·

791 3319 846 3368 lieri
863 3317 989 3381 panariae)
1007 3324 1032 3365 et
1050 3316 1145 3365 furatur
1160 3316 1260 3379 (Dram.
1272 3316 1299 3366 sr.
1312 3315 1348 3381 6),
1359 3334 1391 3368 ne

124 3452 127 3458 Δ
438 3369 462 3416 X
789 3397 875 3463 quain
884 3394 1036 3457 remagistro
1045 3394 1147 3443 cessisse
1156 3394 1277 3445 videatur.
1308 3395 1391 3460 Scrip-

145 3489 148 3494 '
199 3479 308 3547 Χάβηςι
328 3482 465 3545 Phlyensis,
480 3498 555 3532 senex
566 3464 655 3540 iudex}
671 3480 747 3545 Vesp.
790 3477 823 3525 sit
842 3472 1009 3537 Chaerephon
1028 3473 1150 3522 nonnulla
1165 3474 1210 3549 sed
1227 3473 1289 3521 olim
1306 3475 1392 3523 omnia

146 3576 200 3624 ι134
212 3559 344 3622 Ευεργίὸης
352 3556 390 3620 αἶρ’
400 3560 452 3607 lori
464 3556 749 3622 roo’mfio'fflfipe
791 3553 924 3618 perierunt,
956 3549 1024 3599 οὐδὲν
1050 3549 1125 3598 αὐτοῦ
1153 3551 1317 3600 άιασέσωσται
1343 3554 1392 3601 τιῖν

150 3640 281 3701 doluerim
792 3629 989 3691 συγγραμμάτων
1007 3627 1091 3678 Schol.
1112 3628 1145 3676 ad
1155 3629 1231 3691 Arist.
1252 3627 1321 3676 Nub.
1333 3641 1387 3688 144.

199 3710 330 3778 Χοιράαςτ
365 3713 487 3775 μαράκιαν
506 3714 655 3774 κατάπυγον,
681 3714 748 3762 Xer.
792 3709 907 3756 Mortuus
922 3712 960 3754 est
971 3710 1028 3768 post
1042 3704 1184 3752 libertatem
1198 3703 1293 3766 patriae
1310 3703 1391 3752 Thra·

148 3796 219 3857 ρέαα
238 3791 285 3839 vlla
304 3790 381 3854 Vesp.
395 3789 444 3839 686
461 3792 505 3839 ubi
524 3791 607 3841 Schol.
629 3791 677 3838 αῖον
696 3792 749 3840 οὐδὲ
784 3784 873 3850 ,sybuli
893 3792 918 3834 et
936 3783 1035 3833 exulum
1059 3797 1136 3845 opera
1157 3784 1304 3842 restitutam,
1333 3788 1392 3830 ante

148 3872 248 3934 γνήσιος
260 3868 368 3926 πολίτης·
388 3871 430 3918 τὸν
440 3870 489 3931 γὰρ
501 3869 631 3930 Χαιρέαν
643 3869 749 3918 Εὔπολις
791 3871 899 3912 mortem
916 3860 1040 3911 Socratis:
1061 3860 1119 3908 vide
1136 3859 1234 3908 Platon.
1248 3858 1274 3906 in
1288 3859 1391 3920 Apolog.

149 3951 175 3997 ἐν
192 3948 301 3996 Βάπταις
319 3945 350 3995 ὡς
367 3947 432 4006 ξέναν
451 3947 567 4006 κωμῳδεῖ.
596 3945 749 3994 Chaereas
792 3936 1390 4003 δσεν.’ρ.α1οαρ.1.;Χαιριφῶνταῖστεπον.

148 4041 211 4073 num
223 4025 289 4074 idem
305 4022 377 4074 suerit
392 4039 467 4089 quem
486 4029 665 4073 commemorat
680 4022 749 4071 Thu·
792 4016 862 4068 orirer
879 4017 933 4075 ἐμάς
948 4034 976 4065 τε
994 4013 1124 4077 (Socratis)
1143 4015 1234 4075 ἑταῖρος
1250 4010 1281 4072 ἦν
1297 4014 1324 4060 ἐκ
1340 4014 1393 4061 νέου

147 4103 253 4169 cydides
264 4114 319 4155 v111
334 4115 364 4166 74
375 4110 400 4152 et
412 4099 443 4151 86
455 4101 577 4150 incertum
588 4107 626 4153 est
793 4096 833 4144 καὶ
845 4095 908 4153 ὑμῶν
919 4093 955 4155 τῷ
972 4095 1061 4153 πλήθει
1078 4092 1170 4153 ἑσαῖράς
1181 4108 1209 4138 τε
1221 4091 1260 4137 καὶ
1274 4090 1393 4151 ξονάφογε

199 4177 358 4246 Χαιροφαῖνι
388 4181 417 4228 In
443 4179 481 4239 iis,
512 4193 619 4242 quorum
646 4177 749 4241 insignis
793 4174 838 4231 τὴν
859 4173 940 4233 φνγὴν
961 4172 1052 4229 ταύτην
1068 4169 1109 4217 καὶ
1124 4166 1178 4226 μεθ’
1198 4167 1262 4226 ὑμῶν
1277 4168 1392 4225 κατῆλθε.

147 4273 209 4321 erga
221 4257 350 4308 Socratem
366 4257 476 4307 amicitia
490 4256 544 4315 fuit,
558 4256 695 4305 censendus
712 4261 749 4304 est
792 4252 833 4300 καλ
845 4251 899 4298 ἴστε
915 4249 944 4308 δὴ
960 4248 1007 4297 olor
1021 4244 1052 4307 ἦν
1063 4242 1228 4306 Χαιρεφῶν,
1243 4243 1273 4293 ὡς
1288 4245 1393 4306 σφοδρὸς

150 4335 287 4399 Chaerep
296 4335 355 4384 hon
378 4333 515 4397 Sphettius,
531 4332 649 4396 Xenoph.
670 4333 747 4382 Mem.
794 4326 834 4388 ἐφ’
847 4328 884 4376 ὅτι
896 4326 1015 4388 ὁρμήσειε
1026 4326 1067 4373 rol
1074 4325 1106 4383 δή
1113 4340 1174 4372 ποτε
1188 4325 1228 4371 καὶ
1239 4323 1271 4372 ela
1283 4324 1393 4384 Δελφοὺς

146 4412 259 4478 111548,
274 4413 316 4477 qui
335 4410 449 4477 assiduus
465 4410 575 4473 Socratis
595 4425 679 4477 comes
697 4410 749 4459 eius
794 4406 872 4455 ἐλθὼν
889 4404 1010 4464 ἐτόλμησε
1026 4403 1099 4451 τοῦτο
1113 4400 1302 4469 μαντεύσασθαι,
1319 4402 1343 4472 ft
1357 4418 1393 4450 ru

748 4502 801 4562 laer)
