3262 5254
664 429 1183 516 Μελισσονόμου--Μὲμνων

298 605 357 655 teris
374 605 471 656 omissis
490 607 556 654 hunc
576 609 673 654 tantum
688 604 800 653 nominat
815 605 900 652 Xeno·
938 609 1022 659 ternos
1049 604 1263 669 oppigneraverit·
1277 610 1384 653 strenue,
1403 623 1408 629 ¹
1426 602 1548 666 Namque
1628 626 1629 629 ¹

300 685 755 749 phonMem21v4§4et1v8§4.
794 682 902 730 Videtur
940 683 1008 746 apud
1020 683 1186 732 Athenienses
1197 682 1261 747 siqui
1279 682 1369 730 fundus
1388 679 1549 744 hypothecae

300 763 415 812 Socrates
426 763 504 827 ipsius
518 766 634 826 potimata
651 762 812 825 improbasse,
827 767 901 823 atque
940 760 1053 820 dabatur,
1073 760 1138 824 lapis
1158 763 1183 808 in
1200 776 1231 809 eo
1250 760 1302 808 sive
1321 760 1373 822 ὅρος
1393 757 1545 822 ponebatur,

299 841 335 889 ita
346 841 489 904 nequissimi
501 841 608 889 hominis
625 839 710 888 odium
726 838 773 887 sibi
788 844 901 887 contrax-
941 837 983 901 qui
996 846 1020 887 et
1031 854 1124 887 nomen
1136 838 1265 888 creditoris
1281 837 1424 887 continebat
1440 842 1466 884 et
1482 850 1550 901 sum·

299 920 355 966 isse.
391 918 464 965 Brevi
479 924 537 980 post
555 932 642 965 necem
661 916 769 965 Socratis
785 914 900 963 commis·
941 932 1009 965 mam
1021 916 1127 964 creditae
1139 916 1265 979 pecuniae,
1276 912 1550 978 nonnumquametiam
1628 970 1629 973 γ

301 1002 356 1041 sum
373 993 468 1042 sachius
490 999 571 1041 morte
589 1009 646 1041 eum
664 992 776 1055 expiasse
796 997 900 1040 constat
942 1008 1034 1041 nomeu
1055 993 1177 1056 praetoris
1199 994 1324 1055 eponymi,
1352 990 1422 1039 cuius
1446 989 1551 1053 quidem
1628 1018 1629 1023 =

302 1071 385 1120 Cobet
395 1071 605 1134 Prosopograplria
616 1069 727 1133 Xenoph.
742 1085 767 1133 p.
781 1069 813 1129 84
825 1084 862 1131 sq.
942 1085 1009 1118 anno
1020 1069 1127 1117 dabatur
1137 1068 1280 1132 hypotheca
1290 1066 1367 1115 veluti
1382 1068 1423 1114 ἐπί
1437 1062 1551 1126 θεοφριί-
1628 1134 1629 1137 ¹

350 1145 570 1213 Μελισσονόμοιι
589 1148 686 1196 Dianae
706 1147 846 1196 sacerdotes
866 1161 902 1211 se7
943 1164 1003 1195 στου
1015 1147 1131 1208 ἄρχοντος
1144 1146 1297 1207 δροςχωρίου
1311 1144 1402 1204 (οἰκίας,
1416 1143 1494 1191 οἰκίας
1510 1142 1551 1189 καί

303 1227 411 1275 cundum
423 1226 586 1275 Fritzschium
598 1226 641 1289 qui
656 1232 726 1274 notat
738 1225 818 1288 ipsam
830 1224 904 1272 deam
944 1227 1040 1286 χωρίου,
1055 1225 1128 1274 οίκίας
1139 1225 1179 1271 καί
1189 1225 1276 1283 κήπου)
1284 1223 1355 1282 τιμῆς
1367 1222 1552 1282 ἐνοφειλομένης
1628 1226 1629 1229 ’

301 1302 421 1359 μέλισσαν
432 1301 523 1361 vocari,
540 1301 608 1364 quod
625 1300 783 1360 vocabulum,
797 1315 813 1346 a
828 1299 904 1347 verbo
944 1300 1109 1364 Φανοστράτῳ
1139 1303 1251 1350 Παιανιεῖ
1282 1302 1408 1361 δισχιλίων
1436 1300 1554 1361 δραχμῶν

301 1379 410 1438 μιλίσσω
427 1378 580 1438 inclinatum,
602 1379 727 1427 interdum
749 1378 781 1427 de
802 1377 906 1440 Pythica
946 1380 1059 1444 (Boeckh
1074 1382 1144 1445 Corp.
1159 1381 1231 1429 inser.
1246 1393 1347 1440 no.53o
1356 1383 1433 1443 sqq).
1455 1377 1548 1437 Fundi,
1628 1388 1629 1403 ³

302 1464 366 1515 vate,
387 1458 511 1506 interdum
527 1457 559 1507 de
580 1457 677 1506 Cereris
697 1463 723 1505 et
743 1457 905 1519 Proserpinae
945 1460 1076 1523 inquibus
1096 1460 1158 1508 tales
1176 1447 1227 1520 ὅροι
1244 1458 1361 1508 collocati
1378 1462 1459 1516 erant,
1474 1457 1553 1516 χωρία

302 1535 469 1584 sacerdotibus
481 1534 578 1583 dicitur.
613 1535 678 1583 Ran.
692 1546 754 1595 1273
767 1535 904 1593 εὐφαμεῖτε.
946 1538 1101 1599 ἀφωρισμέναι
1117 1545 1193 1601 atque
1208 1543 1236 1585 ut
1252 1536 1351 1584 videtur
1367 1537 1445 1584 etiam
1463 1534 1553 1582 στικτδ
1628 1524 1629 1559 ³

302 1614 517 1672 μελισσονόμοι
539 1611 762 1673 δόμονἈρτίμιδυς
779 1614 856 1661 πέλας
874 1613 905 1659 oi·
945 1615 1103 1664 dicebantur:
1132 1622 1198 1663 certe
1227 1614 1367 1662 Menander
1395 1612 1550 1676 aliquotiens
1628 1656 1629 1671 q

301 1707 362 1751 γειν,
383 1706 447 1754 quae
467 1692 493 1750 ἐξ
511 1692 599 1754 ίιρειῶν
616 1691 742 1750 Αἰσχύλου
756 1691 839 1754 petita.
852 1705 906 1739 esse
946 1694 1061 1741 (turmore
1075 1693 1163 1755 χωρίον
1178 1707 1265 1755 agrum
1277 1690 1338 1738 dixit
1356 1689 1399 1754 qui
1416 1705 1471 1737 non
1487 1696 1552 1765 esset
1628 1680 1629 1765 i

302 1768 376 1817 docet
387 1769 532 1817 scholiastes
946 1773 1129 1836 oppigneratus.
1164 1769 1263 1818 Festive
1275 1768 1350 1832 igitur
1362 1767 1483 1815 Cratinus
1492 1764 1552 1815 Cal·
1628 1768 1629 1817 l

350 1843 520 1909 Μιλιστίχηι
539 1845 584 1905 τὴν
603 1845 763 1905 Σμικυθίωνος
782 1844 905 1906 (uxorem)
946 1850 1013 1909 liam,
1035 1851 1129 1912 quippe
1149 1850 1193 1912 qui
1211 1847 1296 1896 fecerit
1314 1853 1341 1894 ut
1360 1845 1432 1892 fundi
1452 1841 1554 1907 paterni

304 1922 494 1983 Μελιστίχην
505 1922 572 1971 Eccl.
586 1922 618 1982 46
947 1927 1041 1975 στικτοί
1052 1933 1133 1974 essent
1146 1925 1292 1987 στιγματίαν
1302 1923 1371 1981 dixit,
1386 1937 1438 1986 quo
1450 1920 1555 1968 nomine
1628 1940 1629 1949 2

351 1996 470 2064 Μόίίτηε
487 2015 566 2063 pagus
577 2000 683 2060 Atticus,
694 1999 720 2047 in
729 1999 805 2063 phyle
817 1999 906 2049 Cecro·
946 2003 1039 2068 alioqui
1056 2019 1139 2052 servus
1153 2019 1250 2067 poenae
1266 2017 1351 2051 caussa
1365 1999 1432 2048 notis
1450 2000 1554 2064 quibus·
1628 2026 1629 2057 γ

304 2077 371 2141 pide.
412 2078 475 2126 Ran.
491 2090 540 2138 500
560 2077 683 2125 Xanthias
701 2084 842 2140 permutato
862 2078 907 2125 ha·
946 2082 1005 2130 dam
1016 2084 1111 2130 inustus
1120 2081 1255 2130 dicebatur.
1274 2079 1459 2142 Aristophanes
1467 2084 1553 2125 autem
1628 2134 1629 2145 γ

303 2155 358 2202 bitu
369 2157 396 2203 in
405 2171 431 2204 se
439 2154 529 2202 intueri
540 2153 608 2201 iubet
621 2153 747 2203 Bacchum
759 2155 799 2202 καί
813 2156 908 2217 βλέψον
946 2160 1048 2209 ulterius
1070 2175 1215 2227 progressus
1236 2160 1369 2219 μαστιγίαν
1390 2159 1477 2221 posuit
1507 2171 1554 2219 pro
1628 2152 1629 2157 ¹

304 2231 617 2296 ἐςτδνἭρακλειοξονθίαν
633 2232 655 2279 εἰ
670 2233 747 2281 δειλὸς
764 2234 851 2291 ἔσομαι
868 2233 907 2281 καί
948 2239 1066 2287 eratineo
1089 2239 1230 2299 στιγματίης,
1275 2236 1326 2287 Sed
1351 2241 1464 2301 praestat
1489 2235 1556 2282 infra

305 2310 369 2358 κατὰ
380 2312 408 2359 σί
420 2312 448 2358 τὸ
459 2307 518 2369 λῆμ’
530 2311 600 2371 ἔχων.
636 2310 667 2357 Id
679 2309 783 2358 irridens
795 2310 906 2358 Bacchus
948 2316 1054 2364 scribere
1065 2316 1141 2364 verba
1158 2315 1319 2364 scholiastae:
1343 2314 1419 2372 ὁμὲν
1438 2313 1556 2362 Καλλίας
1628 2312 1629 2355 3

306 2386 489 2452 spectatoribus
501 2388 576 2436 dicit:
592 2388 628 2446 μὰ
639 2387 676 2436 Δί’
689 2386 744 2436 ἀλλ’
758 2388 854 2447 ἀληθῶς
865 2388 907 2436 οίνκ
949 2391 1017 2443 οὗτος
1028 2394 1071 2441 τόν
1081 2395 1154 2452 δῆμον
1163 2393 1318 2451 Μελιτεύς,
1334 2391 1364 2440 ὡς
1373 2388 1556 2452 Ἀριστοφάνης
1628 2390 1629 2449 f

305 2466 414 2526 Μελίτης
441 2467 579 2527 μαστιγίας.
616 2466 689 2529 Quae
719 2481 770 2531 quo
792 2463 907 2530 spectent
945 2468 1036 2533 Ὥραις·
1061 2471 1090 2521 ὡς
1113 2472 1139 2519 δὲ
1166 2471 1315 2533 στιγματίαν
1337 2470 1411 2518 αὐπδν
1431 2470 1555 2531 Κρατῖνος
1628 2452 1629 2503 3

304 2544 416 2593 nondum
430 2544 528 2593 videtur
544 2544 604 2593 satis
621 2546 769 2607 expositum.
806 2544 907 2593 Etenim
949 2549 1058 2608 κωμῳδεῖ
1067 2549 1098 2598 ὠς
1110 2549 1150 2596 ένα
1162 2550 1212 2596 τῶν
1222 2548 1373 2609 καταχρέων·
1383 2548 1405 2595 οἰ
1413 2548 1464 2609 γὰρ
1475 2548 1554 2594 δανει-
1628 2558 1629 2575 ¹

302 2618 476 2672 intellexerunt
484 2622 585 2687 quidem
592 2622 643 2671 iam
651 2629 746 2672 veteres
755 2628 907 2671 enarratores
949 2627 1040 2685 ζόμενοι
1051 2626 1094 2674 τὰς
1105 2626 1202 2684 κτήσεις
1209 2626 1353 2673 ὑπετίθεσαν
1362 2627 1402 2674 καὶ
1410 2627 1555 2686 ἐπέγραφον

304 2703 393 2765 respici
404 2700 445 2749 hic
456 2699 489 2749 ad
502 2698 612 2749 nobilem
629 2699 747 2749 Herculis
764 2698 908 2759 όλεξικιίκου
950 2705 1024 2754 αὑτὰς
1036 2705 1067 2752 εἰς
1076 2705 1105 2752 τδ
1112 2705 1292 2764 γιγνώσκεσθαι
1300 2704 1338 2752 δτι
1347 2703 1468 2762 δτοθῆκαί
1482 2703 1552 2751 εἰσιν.
1628 2696 1629 2729 t

304 2778 400 2837 aedem,
434 2793 498 2842 quae
526 2778 653 2826 Melitensi
679 2781 705 2826 in
733 2793 800 2841 pago
824 2779 906 2835 fuerit,
949 2781 1004 2829 δθεν
1023 2783 1063 2830 καί
1081 2782 1216 2842 Μένανδρος
1234 2781 1347 2830 όστικτον
1368 2782 1457 2843 χωρίον
1475 2782 1555 2829 εἰώθει
1628 2814 1629 2841 2

304 2856 433 2920 Ageladae
462 2855 550 2919 Argivi
578 2856 689 2905 statuarii
712 2855 784 2918 signo
804 2855 903 2915 claram,
949 2856 1279 2919 λέγειντδόνετιδάνειστον.
1306 2869 1405 2907 MEIER.
1424 2874 1513 2908 comm.
1527 2858 1557 2906 de
1628 2864 1629 2895 3

303 2932 426 2997 simulque
446 2935 516 2995 tangi
528 2933 644 2991 Calliam,
658 2932 801 3002 Hipponici
817 2932 903 2992 filium,
929 2955 932 2961 ·
948 2937 1016 2985 Rau.
1029 2953 1054 3000 p.
1069 2946 1100 2998 54
1365 2934 1367 2941 ’

303 3008 346 3074 qui
363 3015 388 3059 et
404 3025 435 3058 eo
453 3009 479 3057 in
490 3025 555 3074 pago
570 3010 719 3059 habitaverit
734 3017 759 3060 et
773 3011 866 3060 irrisus⁴
875 3011 907 3059 sit
997 3012 1174 3080 Μελιττίδηςι
1186 3015 1245 3064 τέως
1254 3013 1275 3063 δ’
1288 3015 1484 3078 ἀβελτερώτατοι
1497 3016 1553 3064 Με-

304 3092 412 3151 suprav.
429 3101 484 3149 430,
503 3087 574 3149 qnasi
588 3103 648 3136 vero
661 3088 804 3137 sustinuerit
819 3089 907 3137 κύσθου
946 3093 1080 3141 -λίττιδαι
1105 3094 1216 3152 καθῆντο,
1247 3094 1311 3142 Rau.
1335 3108 1368 3158 99
1384 3094 1436 3143 h.e.
1466 3095 1554 3158 quales

303 3166 403 3223 λεοντῆν
420 3165 551 3223 ναυμαχεῖν
566 3166 699 3224 ἐνημμένος,
718 3182 769 3229 quo
781 3165 838 3214 loco
854 3183 906 3215 cas·
949 3170 1135 3219 Melittides.
1173 3171 1275 3235 Proprie
1297 3172 1497 3235 patronymicum
1516 3181 1554 3223 est

302 3243 376 3306 tigari
388 3242 538 3291 coniecimus
550 3248 641 3291 etcum
654 3245 740 3292 scortis
750 3245 917 3293 consuetudi·
948 3248 1055 3296 nominis
1070 3248 1229 3299 Μέλισσος.
1267 3249 1344 3298 Hunc
1362 3249 1553 3298 Melittidem

303 3334 362 3367 nem
385 3325 410 3367 et
427 3318 557 3367 ridiculam
575 3321 720 3378 vanitatem,
739 3337 803 3384 quae
825 3324 906 3384 ipsum
947 3332 1049 3388 stupore
1065 3325 1157 3389 insigni
1173 3325 1247 3374 fuisse
1264 3333 1334 3390 patet
1353 3342 1384 3374 ex
1401 3326 1515 3390 Apuleio
1526 3326 1555 3373 de

304 3395 431 3459 impulerit
458 3402 486 3443 ut
517 3396 626 3445 daduchi
653 3398 763 3446 vestibus
797 3399 906 3447 fortassis
948 3403 1032 3465 magia
1052 3415 1074 3451 11
1095 3419 1120 3466 p.
1139 3418 1187 3468 499
1208 3404 1246 3452 ed⁴
1268 3404 1445 3452 Hildebrand:
1468 3404 1554 3468 ‘apud

304 3473 400 3537 proelio
421 3473 454 3521 ad
466 3472 603 3536 Arginusas
622 3476 756 3524 commisso
768 3475 905 3527 interesset.
948 3480 1135 3529 socordissimos
1156 3481 1260 3544 Scythas
1280 3482 1431 3531 Anacharsis
1454 3482 1555 3545 sapiens
1628 3478 1629 3545 J

303 3553 335 3608 Id
357 3558 454 3616 poterat
473 3553 552 3601 videri
569 3553 680 3604 sufficere
699 3571 758 3603 nam
777 3556 813 3604 sic
836 3557 904 3604 Xan·
947 3565 1082 3617 natusest,
1107 3559 1174 3622 apud
1189 3559 1355 3608 Athenienses
1374 3567 1443 3608 catos
1459 3560 1554 3608 Mele·
1628 3594 1629 3627 ;

302 3630 705 3699 thiasetutverberoaarrtytar
723 3641 748 3683 et
762 3641 790 3683 ut
809 3635 905 3699 Calliae
947 3634 1027 3683 tides
1042 3635 1132 3685 fatuus.
1163 3636 1214 3684 Cfr.
1231 3636 1446 3685 Pseudo-Luciam
1459 3637 1550 3686 Amor.
1628 3646 1629 3705 ζ

300 3712 412 3758 imitator
429 3709 471 3757 οὐκ
489 3709 599 3768 Μελίτης
614 3711 664 3760 dici
684 3714 773 3775 potuit.
810 3712 905 3761 Verum
947 3726 968 3771 c.
989 3724 1026 3773 53,
1045 3712 1144 3761 Aelian.
1167 3714 1240 3764 VH.
1259 3714 1309 3762 xiii.
1331 3726 1367 3774 15,
1389 3714 1507 3763 Eustath.
1526 3731 1553 3779 p.
1628 3724 1629 3727 ’

300 3794 328 3835 ut
341 3787 497 3836 reconditum
516 3787 636 3850 quiddam
654 3788 736 3837 verbis
756 3789 836 3838 inesse
855 3796 904 3838 sta·
949 3786 1018 3850 1669,
1035 3803 1073 3850 51,
1087 3790 1188 3838 Tzetzes
1203 3791 1268 3840 Chil.
1285 3803 1326 3839 vri
1337 3791 1393 3840 ἰιὶοί.
1409 3809 1425 3853 4

300 3871 398 3913 tuamus
421 3864 519 3912 scholio
540 3879 669 3913 movemur
687 3868 713 3912 in
734 3866 829 3915 Lucian
849 3867 902 3915 Ιου.
996 3864 1122 3932 Μέμνονι
1156 3868 1261 3916 Tithoni
1289 3876 1314 3918 et
1345 3869 1461 3918 Aurorae
1486 3869 1553 3919 filius

299 3942 402 4005 tragoed-
418 3942 480 4005 §49-
500 3940 575 3990 illinc
585 3942 652 3990 enim
664 3943 781 3992 discimus
792 3944 902 4007 primum
946 3943 1046 4006 (Odyss.
1065 3956 1102 3994 rv.
1125 3945 1181 4005 188)
1206 3946 1249 4009 qui
1267 3947 1300 3995 ad
1323 3947 1427 3994 Troiam
1445 3947 1551 3996 cecidit:

300 4019 408 4073 Calliam
420 4034 450 4066 eo
470 4017 496 4064 in
513 4034 579 4081 pago
595 4019 691 4067 urbano
708 4036 759 4068 non
777 4021 902 4070 habitasse
945 4019 1002 4080 ἡνίκ’
1022 4021 1190 4080 danobrium
1209 4024 1240 4083 (οἰ
1257 4023 1314 4085 θεοί)
1336 4022 1410 4083 ἣτδν
1423 4022 1552 4082 Μέμνον’

300 4097 345 4144 sed
356 4096 379 4144 ei
393 4099 468 4144 etiam
481 4094 591 4155 civiliter!
600 4096 752 4160 adscriptum
764 4105 788 4146 et
801 4100 903 4158 δημόθεν
945 4100 961 4159 ἢ
974 4100 1120 4159 Σαρπηδόνα
1132 4100 1200 4149 Nub.
1213 4099 1273 4161 6223
1287 4102 1335 4150 οὐδ’
1347 4103 1499 4162 ἐξέπληττον
1511 4091 1556 4150 αόέ

250 4181 251 4184 ’
300 4173 498 4242 Melitensem
510 4173 584 4222 fuisse
596 4181 671 4238 atque
684 4174 710 4222 id
727 4191 757 4223 ex
769 4176 902 4239 deperdita
944 4179 998 4227 τοὺς
1009 4177 1116 4225 Κύκνους
1133 4179 1208 4225 ποιῶν
1223 4180 1263 4226 καί
1282 4179 1552 4237 Μέμνοναςκωδονο-

299 4250 475 4313 Aristophanis
492 4251 575 4299 fabula
592 4252 750 4315 apparuisse;
768 4253 826 4301 dein
843 4270 900 4302 eun·
944 4254 1547 4321 polopordhoeran.963(loquiturEuripides).

300 4328 359 4389 dem
371 4326 477 4377 Calliam
497 4327 529 4375 ab
547 4327 651 4377 Cratino
668 4331 710 4377 τὸν
727 4331 753 4378 ἐκ
770 4331 902 4390 Μελίτης
943 4331 1010 4380 Vide
1028 4333 1127 4380 Pindar.
1143 4334 1238 4396 Olymp.
1262 4336 1287 4382 ii.
1301 4337 1339 4396 82,
1358 4334 1447 4382 lsthm.
1460 4334 1494 4382 iv.
1507 4339 1547 4394 43.

300 4403 447 4473 στιγματίαν
463 4419 516 4454 esse
536 4402 640 4467 didium,
661 4408 729 4471 quod
747 4407 838 4459 fundos
857 4425 900 4473 pa·
945 4410 1138 4458 Memnonem
1156 4412 1296 4476 Aeschylus
1307 4410 1550 4477 descripsitindua·
1628 4456 1629 4479 γ

896 4506 948 4559 (890)
