3276 5268
474 427 956 516 Kbstaodda—*Klteoddv

84 595 162 644 ricula
180 594 259 660 Vesp.
275 593 345 657 rm,
366 590 435 646 cuius
456 596 552 660 rellqua
566 593 643 645 verba
659 587 692 645 ab
732 598 779 647 len.
804 606 826 647 11
849 612 897 661 420
924 588 1060 665 mystarum
1088 616 1237 669 praeconem
1264 591 1333 666 μάλά

86 675 259 738 Aristophane
275 673 376 725 aureae
391 675 553 725 essersene
571 675 692 739 Bergkios
732 676 926 738 ιμρυιαςιιςσι
937 681 1013 730 trado
1328 669 1333 712 ῑ

86 755 180 802 comm.
201 769 226 817 p.
247 754 294 802 ιο8
309 760 337 802 ut
357 753 509 803 Aeschinem
530 752 592 802 Selli
613 753 692 801 filium
783 751 976 822 [Κλεάραχος]ς
998 757 1233 810 ναςίαίεᾶἰοΕοεί
1248 777 1271 810 υ.
1288 774 1317 810 ιι
1397 748 1399 753 ’

85 831 233 893 castigaret3
244 831 336 879 conicit
347 831 414 879 enim
427 830 499 879 illum
510 833 606 879 socium
617 830 693 880 fuisse
781 829 944 900 Κλεομάνηςι
963 836 1017 885 dael
1035 838 1089 886 οὐδὲ
1109 824 1293 899 Κλεομένης,
1307 840 1332 889 tr·

84 907 218 970 legationis
235 924 311 972 quam
329 908 498 957 Athenienses
516 907 560 956 illo
580 915 693 971 tempore
733 911 808 971 αὐτὴν
839 910 894 975 (τὴν
922 914 1060 977 άκράπολιν)
1090 917 1197 978 κατέσχε
1231 899 1333 979 πρῶτος,

86 987 112 1033 in
129 986 288 1035 Thessaliam
305 989 431 1047 miserant,
446 986 592 1049 videVesp.
609 986 690 1048 1276).
732 987 842 1049 detinear
864 991 1007 1053 ἀψάλακτος
1035 989 1089 1042 ἀλλ’
1117 996 1180 1052 ὅμως
1204 994 1334 1043 λακωνικὸτ

86 1068 166 1130 Quae·
180 1077 264 1117 autem
284 1069 357 1117 luerit
378 1068 540 1133 Clitagora
558 1070 609 1116 lam
629 1070 691 1117 anti·
733 1066 810 1114 πνέων
826 1066 900 1129 ᾤχεθ’
913 1070 980 1119 θπλοι
997 1072 1117 1133 παραδοίς
1133 1073 1185 1130 ἐμοί
1201 1073 1260 1136 Lys.
1273 1086 1329 1136 274.

6 1196 7 1199 ,
86 1148 170 1210 quitus
182 1147 350 1211 ambigebant,
365 1146 408 1195 alii
419 1144 576 1204 Thessalam,
590 1162 621 1195 ex
636 1146 691 1211 ipso
732 1144 768 1202 (Is
793 1145 839 1196 fuit
863 1162 906 1196 rex
931 1148 1195 1210 Lacedaemoniorum,
1223 1158 1248 1200 et
1275 1164 1333 1201 cum

86 1216 259 1293 Aristophane
271 1222 441 1274 coniediuram
452 1225 578 1285 facientes,
589 1224 632 1273 alii
643 1225 691 1272 La·
732 1222 835 1286 Isagora
857 1224 1004 1275 Atheniensi
1032 1236 1132 1277 senatus
1159 1226 1335 1279 auetoritatem

86 1303 202 1351 'conicam
213 1303 288 1351 fuisse
298 1303 432 1366 prodentes
732 1299 840 1350 Athenis
859 1302 980 1366 abrogare
1000 1305 1115 1368 cupiente
1130 1322 1159 1356 ac
1175 1307 1335 1371 tyrannidem<

89 1394 92 1401 ⁴
136 1376 302 1446 Κλειτοφάνι
322 1380 389 1438 οὑμοί
400 1381 427 1429 li
438 1380 556 1439 (μαθηταί
567 1380 644 1440 εἰσιν),
657 1381 691 1428 ait
731 1375 865 1427 effodiente
888 1395 969 1429 arcem
993 1385 1131 1446 occupavit,
1151 1384 1197 1432 sed
1217 1399 1277 1432 mox
1300 1384 1333 1432 ab

86 1459 230 1522 Euripides,
242 1459 421 1518 Κλειτοφῶν
436 1460 514 1506 τεκαὶ
527 1456 692 1519 θηραμένηςθ
734 1455 928 1505 Atheniensibus
949 1464 986 1506 est
1005 1459 1128 1508 obsessus.
1162 1459 1228 1509 Vide
1248 1461 1333 1509 Hero·

86 1538 181 1599 κομψάς
198 1538 261 1586 Ran.
277 1535 332 1601 967,
347 1536 391 1585 ubi
410 1543 573 1599 opponuntur
589 1536 620 1584 iis
635 1536 692 1583 hor·
732 1533 806 1582 dotus
817 1546 836 1582 v
849 1547 893 1596 723
906 1535 1089 1597 ἀντισταθείσης
1101 1538 1127 1586 at
1136 1538 1180 1597 τῆς
1190 1539 1280 1599 βουλῆς
1292 1538 1332 1586 καί

85 1614 134 1661 ridi
147 1615 250 1678 quidam
261 1614 374 1663 homines
384 1621 408 1662 et
420 1612 525 1661 barbati.
546 1612 632 1661 Homo
641 1628 692 1661 non
732 1613 760 1660 οὐ
777 1613 923 1674 βουλομένης
943 1613 1076 1673 πείθεσθαι,
1090 1614 1105 1663 θ
1116 1632 1144 1663 τε
1162 1616 1334 1677 Κλεομένης

85 1691 164 1755 plane
174 1692 300 1750 obscurus,
315 1691 359 1739 sed
370 1690 472 1754 dialogo
488 1690 638 1754 cognomine
649 1691 692 1754 qui
733 1691 773 1737 καί
785 1689 935 1752 άἸσαγάρης
946 1692 984 1739 κοί
994 1692 1016 1740 ol
1024 1694 1160 1741 στασιῶται
1171 1694 1245 1741 αθτοΐι
1257 1711 1332 1742 κατα·

87 1769 203 1818 Platonis
230 1768 372 1818 inscribitur
399 1767 554 1828 nobilitatus,
582 1775 607 1816 et
635 1782 692 1816 cum
732 1768 884 1830 λαμβάνουσι
899 1770 945 1827 τὴν
956 1768 1095 1831 άκράπολιν.
1126 1767 1260 1829 Ἀθηναίων
1274 1773 1333 1821 lto!

87 1846 278 1911 Thrasymacho
300 1846 412 1910 sophista
435 1853 643 1895 commemoratus
666 1845 692 1894 in
732 1847 822 1904 λοιποί,
845 1848 878 1895 τά
901 1847 965 1895 αιίτά
986 1848 1155 1910 φρονήσαντες,
1181 1849 1334 1912 έπολιίρκεον

87 1925 146 1974 looo
164 1938 222 1994 vere
243 1925 372 1975 Platonico
392 1924 493 1987 Republ.
516 1939 542 1988 p.
565 1936 583 1972 1.
607 1927 655 1986 3⁴¹8
668 1936 691 1974 B.
733 1925 819 1973 αὐτοὺς
837 1925 925 1987 ἡμέρας
944 1926 993 1985 δύο,
1009 1927 1042 1989 τῇ
1057 1927 1083 1975 δὲ
1099 1927 1170 1988 τρίτη
1188 1926 1335 1977 ὑπόσπονδοι

89 2005 165 2053 Patre
175 2018 234 2053 usus
245 2011 282 2052 est
294 2004 465 2066 Aristonymo‚
479 2001 590 2051 Platonis
602 2002 690 2063 sodali,
733 2003 879 2064 ἐξέρχονται,
898 2005 955 2053 θσον
966 2006 1025 2052 έσον
1037 2005 1127 2053 αὐτέων
1144 2005 1333 2065 Λακεδαιμόνιοι.

87 2097 165 2146 quem
184 2094 200 2130 a
221 2080 373 2145 philosopho
393 2080 494 2129 tradunt
512 2079 538 2126 in
558 2079 693 2128 Arcadiam
734 2080 802 2130 Solet
814 2090 898 2132 autem
911 2083 1019 2132 comicus
1037 2083 1114 2133 choro
1125 2099 1212 2133 senum
1227 2086 1335 2135 tribuere

5 2192 7 2197 .
89 2158 412 2222 missumessereipublicae
424 2157 612 2206 constituendae
620 2173 695 2206 causa
732 2160 808 2208 etiam
820 2175 884 2224 quae
894 2169 1079 2211 antecesserunt
1087 2169 1194 2212 aetatem
1205 2162 1335 2212 hominum

90 2237 228 2298 (Plutarch
248 2237 305 2285 adv.
332 2233 424 2295 Colat).
470 2234 611 2284 Socraticus
630 2242 690 2295 erat,
733 2243 793 2286 tunc
804 2241 946 2287 viventium.
963 2239 1033 2288 ‘Vide
1042 2240 1158 2290 G.Grote
1166 2241 1234 2291 Hirr.
1249 2242 1331 2291 Graec.

90 2316 182 2365 inertia
198 2322 223 2364 et
240 2313 336 2363 desidla
352 2318 459 2372 notatus,
477 2320 505 2362 ut
521 2312 605 2376 plures
619 2312 692 2362 huius
734 2315 792 2365 Vol.
806 2328 837 2364 1v
856 2332 882 2381 p.
904 2330 951 2381 219
956 2335 966 2378 3
982 2317 1120 2367 Thirlwall.
1141 2321 1177 2368 H.
1190 2320 1219 2369 G.
1239 2319 1298 2368 Vol.
1312 2331 1334 2367 11

89 2395 191 2443 farinae
207 2393 246 2452 (cs.
267 2392 335 2441 Nub.
349 2405 404 2453 315,
420 2404 464 2452 331
485 2393 692 2452 σφραγιδονυχαρ-
733 2409 754 2442 c.
770 2397 795 2441 xi
815 2409 840 2457 p.
861 2392 897 2441 86¹
910 2395 945 2443 ed.
965 2395 1053 2456 αισα),
1071 2396 1252 2446 Cleomenes
1268 2396 1335 2460 cepit

89 2470 255 2535 γοκομητάς)ς
276 2471 319 2534 qui
334 2469 460 2533 Euripidis
475 2468 608 2532 tragoediis
624 2466 692 2516 haud
734 2471 902 2520 Pisistratidas
923 2473 949 2519 in
972 2488 1044 2522 muro
1068 2473 1196 2536 Pelasgico
1216 2474 1332 2535 inclusos,

89 2553 173 2598 minus
190 2547 307 2598 delediati
322 2555 379 2596 sunt
395 2562 471 2610 quam
493 2549 547 2610 ipse
570 2545 693 2605 Socrates,-
735 2550 792 2613 Lys.
808 2538 884 2608 1¹54}
901 2550 966 2599 conf.
981 2551 1077 2600 Herod.
1093 2563 1112 2599 v
1123 2549 1155 2613 64

89 2643 203 2676 summus
218 2627 260 2675 ille
275 2625 402 2689 Euripidis
418 2627 518 2682 amicus,
531 2622 574 2688 qui
590 2630 692 2685 poetam

89 2705 210 2754 adiuvare
234 2704 261 2752 in
291 2702 424 2752 scribendo
457 2702 604 2752 credebatur
627 2700 693 2761 (vide

88 2800 115 2848 p.
129 2781 194 2846 819).
228 2782 287 2831 Hoc
298 2781 355 2830 loco
371 2780 544 2844 perstringitur
560 2786 587 2827 ut
604 2778 693 2826 mobili

88 2870 115 2911 et
143 2868 244 2910 versuto
266 2859 366 2924 ingenio
394 2857 557 2908 Theramenis
584 2856 611 2904 in
638 2872 691 2904 mo·

88 2940 158 2988 dum.
207 2939 273 2988 Vide
307 2937 454 2987 Stallbaum.
486 2935 512 2983 in
540 2934 637 2983 Platon.
652 2934 696 2999 'dc

88 3019 149 3080 Κεφ.
165 3017 181 3064 l.
190 3032 209 3065 c.
338 3042 343 3052 ·
453 3041 456 3048 -

141 3091 281 3158 [Κλειπιῆς
299 3100 378 3142 mater
395 3091 531 3156 Euripidis,
548 3093 692 3152 λαχανοπω-

89 3176 195 3234 ληΤΡίαὶ
213 3171 278 3221 Aeh·
296 3184 353 3234 457,
369 3169 424 3236 469,
440 3171 504 3232 4783
521 3169 623 3218 Them·
637 3170 693 3231 387)

89 3251 155 3314 εςόι
174 3253 237 3301 Ran.
254 3253 308 3313 840,
324 3266 371 3315 94²

140 3320 316 3394 Κλεάκριτοςι
335 3331 449 3377 δέσποινα
461 3327 570 3388 Κυβέλη,
582 3327 692 3388 στροῦθε,

88 3410 167 3470 μῆτερ
183 3407 369 3467 Κλεοκρίτου
384 3405 431 3452 Αυ.
448 3403 495 3466 877
515 3401 567 3465 (ubi
585 3403 694 3452 scholia:

89 3489 121 3535 τὸ
132 3488 159 3535 δέ
174 3488 180 3511 ‘
185 3487 261 3548 μῆτερ
272 3480 435 3545 Κλεοκρίτου’
449 3476 502 3544 aad
515 3482 627 3530 ὑπόνοιαν
635 3483 694 3540 ἐτή-

90 3580 179 3626 papea,
189 3563 334 3626 βουλόμενος
342 3562 415 3611 αὐτὸν
423 3562 564 3624 διαβάλλειν
573 3561 603 3609 ὡς
611 3576 695 3621 στρου·

91 3643 194 3698 θόποθα,
214 3643 324 3688 τοθτεστι
340 3639 513 3700 μεγαλόνουν,
538 3637 611 3686 Conf.
632 3637 695 3684 Plin.

89 3720 155 3769 Nat.
177 3719 244 3768 Ηιιι.
263 3729 305 3765 vn
324 3731 374 3767 ca
395 3718 444 3776 §a
467 3732 513 3776 τις
531 3706 650 3763 Eudoxus
670 3714 696 3761 in

90 3795 236 3857 meridianis
248 3796 337 3843 Indiae
347 3795 407 3843 viris
425 3794 524 3858 plantas
537 3801 590 3841 esse
602 3791 696 3845 cubita-

90 3875 131 3935 lis,
149 3874 248 3923 feminis
268 3873 332 3922 adeo
350 3873 442 3937 parvis,
462 3879 489 3920 ut
514 3868 696 3935 Struthopodes

91 3951 259 4016 appellentur.
295 3951 343 4000 Per
354 3951 471 4013 στροθθου
482 3956 566 3998 autem
579 3948 696 4011 intellege

92 4028 382 4083 struthiocamelum
399 4027 475 4092 Angl.
491 4026 607 4088 ostn'clr);
624 4028 648 4074 εί
660 4042 697 4075 τις
725 4086 727 4089 ι

92 4109 222 4170 πτερώσας
233 4107 416 4167 Κλεόκριτον
426 4106 531 4166 Κινησία
543 4106 607 4153 Ran.
620 4117 697 4166 1437;

92 4186 137 4234 ubi
154 4193 284 4248 tamquam
297 4184 361 4235 vasti
375 4192 400 4232 et
414 4184 514 4247 pinguis
530 4181 641 4246 corporis
652 4181 696 4229 ho.

92 4265 188 4314 minem
205 4264 277 4321 ridet,
295 4263 460 4326 Cinesiaeque
477 4261 589 4313 omniurn
606 4268 697 4308 morta·

91 4343 155 4391 lium
164 4341 309 4394 tenuissimo
317 4341 429 4404 opponit.
456 4339 599 4389 Meinekius
608 4339 699 4390 conicit

92 4436 144 4469 non
156 4419 234 4473 aliurn
246 4433 300 4468 esse
316 4432 374 4474 eum
391 4433 466 4482 quem
482 4418 626 4483 Xenophon
638 4417 698 4478 Hal-

694 4513 747 4563 (85⁵³

780 2625 925 2692 ΙΚλεοφῶνς
943 2629 1079 2678 turbulenti
1095 2629 1248 2693 demagogus
1267 2629 1336 2694 inge·

734 2706 777 2764 nii,
791 2705 834 2768 qui
854 2720 868 2754 e
888 2706 970 2755 servili
988 2706 1131 2756 conditione
1150 2707 1222 2755 malis
1240 2707 1336 2756 artibus

735 2783 761 2832 in
773 2784 897 2832 civitatem
909 2785 1020 2834 Atticam
1032 2784 1130 2849 irrepsit
1138 2783 1240 2844 (Aesch.
1248 2786 1304 2849 defi
1317 2785 1335 2835 l.

735 2878 760 2927 p.
781 2865 847 2923 254),
871 2862 958 2911 similis
980 2862 1070 2911 Cleoni
1092 2869 1116 2912 et
1130 2863 1291 2926 ¹Hyperbolo
1310 2864 1336 2912 in

736 2940 805 2990 cuius
815 2939 881 2988 male
892 2946 990 3004 partam
1001 2937 1177 2990 authoritatem
1189 2947 1213 2989 et
1229 2941 1336 3004 gratiam

736 3021 853 3068 successit
864 3018 929 3067 circa
940 3017 982 3068 Ol.
996 3017 1035 3068 xci
1049 3032 1069 3066 1.
1105 3017 1145 3066 Ex
1155 3018 1263 3066 Thracia
1278 3034 1336 3068 eum

736 3097 869 3145 oriundum
896 3097 970 3146 druse
998 3094 1120 3160 significat
1155 3096 1338 3161 Aristophanes

736 3173 826 3239 lepidis
844 3175 956 3224 versibus
974 3174 1000 3223 in
1020 3174 1085 3222 Ran.
1106 3186 1142 3222 vs.
1162 3170 1209 3236 678
1226 3189 1280 3238 sqq.
1293 3173 1338 3223 ubi

737 3253 846 3302 Thracia
872 3252 981 3302 hirundo
1003 3254 1030 3300 in
1051 3251 1104 3301 eius
1130 3251 1207 3300 labris
1228 3258 1339 3316 strepere

737 3330 834 3391 dicitur,
856 3331 1038 3391 φιλοτιμότεραι
1056 3327 1159 3392 (σοφίαι)
1179 3330 1338 3389 Κλεοφῶν-

737 3424 792 3467 τος,
814 3406 852 3468 ἐφ’
873 3408 901 3457 οὗ
922 3411 952 3468 δὴ
970 3409 1078 3469 χείλεσιν
1097 3408 1244 3467 ἀμφιλάλοις
1266 3407 1340 3454 δεινὸν
1406 3446 1411 3453 .

737 3487 895 3547 ἐπιβρέμεται
924 3488 1028 3546 θρηκίο
1063 3487 1197 3546 χελιδών.
1248 3485 1339 3549 Neque

738 3562 810 3611 aliter
832 3563 976 3612 scholiastes
999 3563 1031 3611 ad
1055 3562 1114 3610 Eur.
1139 3563 1220 3610 Orest.
1241 3577 1264 3610 v.
1290 3572 1338 3625 903

740 3641 804 3687 θέλει
817 3640 842 3688 δέ
854 3642 929 3687 strete
941 3638 1071 3696 Ἀθηναῖον
1082 3639 1124 3684 οὐκ
1138 3634 1266 3694 Ἀθηναῖοι
1281 3635 1340 3684 ὄντα

740 3717 820 3775 αι’ττάν,
840 3718 906 3765 ἀλλὰ
923 3716 991 3764 νόθον
1008 3715 1117 3772 πολίτην,
1139 3714 1245 3773 πάροσον
1262 3711 1341 3773 θρᾴξ

739 3782 955 3854 ἦνάΚλεοφῶν.
986 3790 1340 3855 Cleophontiscognomen

740 3872 890 3934 θλυροτιάος
901 3885 974 3936 saepe
991 3875 1199 3920 commemoratur
1211 3866 1270 3928 (vid.
1286 3867 1340 3915 An·

739 3951 794 4000 doc.
810 3951 943 4014 dempster.
955 3965 981 4014 p.
996 3960 1035 4011 73,
1047 3946 1185 3996 Aeschines
1193 3945 1221 3992 de
1220 3942 1285 4007 sols.
1293 3945 1336 4007 leg.

740 4044 764 4093 p.
781 4029 852 4090 2‘54):
871 4027 983 4076 adhaesit
1001 4034 1083 4075 autem
1101 4024 1197 4072 homini
1209 4038 1239 4070 ex
1250 4038 1340 4086 aequa·

740 4107 803 4155 lium
826 4105 976 4155 contumelia
995 4111 1023 4162 ut
1044 4100 1169 4169 plerisque
1188 4102 1346 4164 demagogis,’

740 4185 783 4249 qui
802 4185 871 4248 prius
888 4183 1008 4232 humilem
1028 4173 1157 4245 quaestum
1176 4175 1339 4240 fadiitassent‚

740 4278 771 4312 en
782 4263 891 4311 ludibrio
902 4261 1024 4325 imprimis
1040 4257 1191 4307 comicorum
1203 4272 1342 4320 cognomen

740 4327 915 4403 indepetitum
927 4338 1060 4386 adhaerere
1072 4333 1174 4386 solebat.
1197 4333 1250 4394 (Sic
1261 4334 1342 4384 Cleon

740 4417 900 4478 βυρσοπώλης
915 4410 998 4472 dietus
1009 4419 1053 4473 est,
1067 4409 1171 4473 Lysides
1183 4410 1343 4474 προβατοπώ,

1209 4531 1244 4583 70
