3276 5268
687 458 1159 541 Διοπείθης-Διώνυσος

296 632 355 680 artis
371 633 461 697 perito,
472 632 590 682 iudicium
607 633 716 684 defertur
727 634 758 683 de
770 633 897 697 Aeschylo
939 632 1016 694 Quod
1027 631 1157 681 confirmat
1172 630 1318 680 Plutarchus
1334 630 1361 679 in
1371 631 1466 680 Pericle
1476 647 1496 681 c
1513 645 1543 694 3²

187 766 194 779 ,
295 718 320 759 et
333 711 460 775 Euripide,
476 713 524 765 810
535 728 571 776 sq.
609 713 770 777 Progreditmr
783 714 896 762 modera-
938 710 1048 758 scribens
1064 709 1244 773 Diopithem
1261 710 1469 771 εἰσαγγέλλεσθαι
1489 711 1546 758 τοὺς

294 789 388 838 tionem
401 792 507 839 suadens
519 792 648 855 Aeschylo
665 796 702 841 ira
718 793 897 841 amdescen·
938 787 972 834 τό
993 788 1047 835 θεῖα
1069 788 1104 846 μη
1127 787 1300 846 νομίζοντοςή
1318 788 1404 848 λόγους
1424 789 1479 849 περὶ
1497 788 1546 834 τῶν

294 871 329 927 ti;
345 868 403 916 thus
415 869 440 917 in
452 872 535 933 ignem
546 869 615 918 inicit
627 877 652 920 et
668 871 898 935 precesconcipere
939 865 1074 927 μεταρσίων
1103 867 1267 925 διδάσκοντας,
1295 866 1479 927 ἀπερειδόμενον
1513 867 1546 915 είς

294 951 382 1008 μνείας
412 946 489 1007 iubet,
521 948 658 1011 830-891.
692 948 772 997 Audit
799 956 895 1012 poetas,
939 944 1061 1004 Περικλέα
1069 940 1100 991 δι’
1111 941 1327 1004 Ἀναξαγόροντὴν
1336 943 1454 992 ὑπόνοιαν.
1470 940 1547 992 Fida

294 1029 468 1088 certamenque
495 1040 582 1073 eorum
614 1025 763 1084 moderatur,
794 1024 896 1073 tandem
936 1018 1034 1067 insania
1051 1019 1149 1067 videtur
1166 1019 1267 1069 oracula
1278 1019 1419 1083 protulisse,
1431 1020 1467 1069 sic
1478 1023 1546 1069 enim

293 1100 380 1164 poesin
388 1102 515 1166 utriusque
523 1102 595 1152 lance
605 1103 743 1161 examinat;
755 1118 801 1151 nec
812 1110 895 1151 tamen
939 1096 1061 1159 Bergklus
1075 1097 1167 1144 Comm-
1185 1111 1210 1159 p-
1227 1107 1273 1158 170
1288 1096 1352 1145 Vidit
1368 1097 1547 1160 explicandum

293 1177 363 1227 litem
375 1179 513 1228 discernere
530 1181 642 1239 sustinet,
655 1192 808 1245 905-1413.
844 1179 896 1228 Sed
937 1189 998 1233 esse,
1020 1174 1088 1238 quod
1106 1174 1140 1222 ab
1163 1174 1279 1238 Amipsla
1300 1174 1327 1221 in
1350 1176 1435 1253 ζ’νννννν
1454 1175 1547 1229 dicitur

293 1270 325 1303 ne
336 1271 362 1304 re
377 1254 471 1305 insedia
488 1257 580 1318 redeat,
595 1274 625 1307 ex
639 1265 746 1322 utroque
762 1257 833 1306 utilia
849 1258 894 1306 rei·
938 1253 1133 1313 ποροποιόρενος
1155 1252 1207 1300 sive
1230 1253 1437 1313 παραμαινόμενσς
1458 1260 1483 1302 et
1513 1253 1547 1302 ab

292 1333 408 1396 publicae
424 1334 527 1383 consilia
544 1335 646 1399 quaerit,
665 1335 698 1384 de
710 1335 849 1392 Alcibiade,
863 1335 895 1383 de
938 1330 1108 1394 Aristophane
1120 1345 1212 1379 nomen
1224 1331 1276 1378 eius
1290 1330 1391 1393 ponitur
1407 1346 1454 1394 pro
1475 1331 1546 1395 ‘ipso

292 1411 413 1461 servanda
429 1412 544 1461 civitate:
562 1414 652 1477 quibus
669 1414 767 1473 auditis,
783 1413 895 1476 Aeschy·
936 1406 1033 1456 furOre'
1052 1408 1128 1471 VOEP·
1151 1420 1207 1471 379,
1226 1409 1271 1467 tlt
1289 1409 1370 1470 Ψυχὴν
1386 1409 1546 1467 ἐμπλησάμε-

292 1486 344 1536 lum
361 1489 437 1553 eligit,
456 1491 792 1553 14¹5-1478‚et2011vivi0
809 1491 894 1540 aplu.
937 1501 974 1533 νος
985 1486 1168 1535 Διοπείθους.
1205 1485 1369 1534 Halbertsma
1379 1488 1545 1549 Prosopogra·

291 1572 350 1615 tone
361 1569 489 1632 excipitur,
507 1570 566 1628 1481
883 1578 886 1587 ¹
931 1563 995 1624 plia
1015 1562 1095 1611 Arist.
1117 1578 1143 1627 p.
1164 1576 1193 1627 91
1213 1578 1249 1627 sq.
1288 1563 1362 1612 Plura
1379 1564 1476 1613 dabunt
1495 1565 1546 1613 Lo·

340 1642 489 1710 Δωῃίοηςς
504 1648 562 1709 ἀνὴρ
574 1647 693 1707 etatum,
703 1649 744 1697 eft
756 1649 893 1710 χρησμολο.
936 1639 1039 1688 becldus
1050 1640 1076 1688 in
1083 1639 1253 1703 Aglaopkamo
1263 1655 1288 1704 p.
1299 1641 1355 1704 980,
1367 1641 1490 1704 Bergldus
1501 1642 1519 1690 l.
1526 1643 1544 1691 l.

290 1722 334 1783 για
358 1723 481 1773 Plutarch.
505 1726 548 1772 vit.
574 1727 631 1788 Lys.
660 1742 681 1775 c.
709 1740 747 1785 ιο,
773 1725 894 1773 fanaticus
985 1715 1140 1782 Διοσκόρων
1171 1718 1337 1767 Dioscuros
1359 1719 1459 1767 invocat
1482 1720 1546 1783 Try·

290 1802 466 1862 χρησμολόγος,
495 1802 580 1865 quales
607 1802 679 1851 multi
715 1819 746 1851 ρο
782 1811 894 1865 tempore
936 1810 1013 1858 gaeus
1031 1795 1110 1844 laetus
1126 1796 1212 1845 audita
1228 1796 1347 1845 Brasidae
1363 1804 1451 1856 morte,
1474 1799 1501 1844 εὔ
1519 1796 1544 1859 γ’

292 1876 399 1926 Athenis
418 1879 460 1942 qui
475 1888 597 1943 ¹quaestus
619 1896 694 1929 causa
712 1879 812 1928 oracula
830 1895 845 1927 a
862 1896 894 1928 se
933 1875 963 1920 εὖ
981 1890 1012 1934 γε
1031 1871 1175 1932 πονήσαντες
1188 1870 1214 1920 ὖ
1233 1875 1546 1937 meermannianam

291 1951 352 2002 fitia
374 1955 544 2018 superstitioso
566 1957 662 2021 populo
685 1965 710 2006 et
738 1959 894 2018 σιβυλλιιῖντι
936 1952 1015 2012 αὐτόν)
1029 1952 1086 2000 Pac.
1102 1948 1201 2011 2855&
1219 1953 1297 2001 Πᾶνες
1314 1950 1333 2000 ὦ
1352 1953 1505 2015 Κορύβαντες
1524 1951 1546 2001 ιδ

291 2030 473 2081 decantabant:
491 2034 607 2084 favebant
621 2050 696 2099 porro
714 2035 782 2096 hello
799 2043 823 2084 et
840 2051 892 2084 om·
935 2032 1085 2092 Διοσκόρω
1101 2028 1261 2094 Εοοί.“ςοόο;
1281 2032 1380 2089 ἐμτόλω
1391 2032 1545 2094 Διοσκόρω

291 2109 364 2158 nibus
381 2110 463 2158 modis
479 2126 567 2174 pacem
584 2113 718 2176 prohibere
729 2114 889 2173 conabantur,
936 2108 1035 2157 Heroes
1047 2108 1076 2156 sr.
1092 2109 1336 2172 13ap.Polluc.vt1
1352 2121 1387 2170 15.
1409 2110 1449 2158 De
1461 2110 1544 2159 forma

291 2188 350 2249 quia
367 2187 427 2235 belli
444 2195 558 2253 tempore
573 2191 661 2254 populi
678 2191 779 2247 amis,
794 2199 822 2239 ut
839 2190 892 2240 fieri
935 2185 1058 2248 Διοσκόρω
1076 2186 1133 2233 vide
1152 2185 1263 2235 Lobeck.
1279 2186 1312 2233 ad
1328 2186 1496 2250 Phrynichum
1516 2205 1541 2253 p.

290 2263 361 2323 solet,
383 2266 586 2315 commotioribus
604 2265 685 2327 saetis,
706 2268 786 2316 multo
799 2268 893 2317 maiore
937 2279 991 2327 235.
1027 2267 1075 2315 Per
1094 2267 1211 2315 Castores
1229 2267 1338 2315 iurantes
1356 2267 1472 2316 mulieres
1493 2269 1543 2318 La-

290 2339 438 2392 audtoritate
460 2343 604 2397 fruebantur
625 2362 701 2411 quam
723 2362 799 2410 pace3
826 2346 893 2395 unde
936 2359 1027 2393 caenae
1045 2345 1131 2393 dicunt
1149 2345 1188 2392 ναί
1205 2346 1240 2392 τὼ
1253 2345 1297 2393 σιὼ
1318 2345 1375 2409 Lys.
1389 2346 1429 2406 81,
1444 2344 1483 2406 86,
1497 2362 1539 2410 90,

290 2435 333 2468 eos
356 2421 536 2485 Aristophanes
564 2440 620 2472 cum
649 2424 766 2488 singulos,
787 2431 844 2473 tum
866 2424 891 2472 in
940 2435 993 2482 ¹42,
1020 2437 1099 2487 aeque
1122 2438 1151 2471 ae
1173 2423 1220 2471 viri
1243 2423 1356 2472 Lacones
1380 2424 1437 2473 Pac.
1469 2438 1540 2487 ¹0¹4·

288 2514 379 2561 genere
396 2500 529 2564 explodere
552 2517 680 2565 aggressus
699 2510 736 2551 est
756 2503 781 2550 in
799 2502 894 2551 Avibus
936 2498 993 2560 Iulli·
1008 2501 1064 2560 983,
1081 2512 1151 2563 1095,
1167 2514 1236 2561 1105,
1249 2500 1373 2549 Cleander
1384 2501 1409 2549 in
1422 2502 1541 2565 Xenoph.

289 2587 426 2641 959-992‚
441 2578 485 2629 ubi
495 2578 610 2628 fatidicus
621 2580 722 2629 oracula
737 2580 769 2628 de
781 2579 892 2628 Nubicu·
935 2576 1043 2626 Analas.
1064 2589 1094 2625 VI
1107 2593 1131 2641 p.
1148 2592 1202 2640 230,
1218 2593 1240 2642 9,
1264 2579 1422 2628 Pasimachus
1440 2581 1538 2629 Hellen.

288 2654 353 2702 culia
370 2655 420 2703 iam
431 2656 531 2705 condita
547 2657 712 2706 deblaterans·
722 2656 843 2707 sacrificio
855 2658 892 2705 in·
936 2664 966 2699 1v
977 2670 1000 2713 4,
1019 2668 1063 2711 ror:
1080 2655 1137 2705 vide
1148 2655 1312 2706 Valckenaer.
1325 2657 1357 2705 ad
1369 2658 1543 2706 Adoniaausas

288 2733 401 2791 tervenit‚
415 2734 483 2797 quod
499 2735 653 2784 Pithetaerus
668 2751 716 2799 pro
732 2751 817 2784 recens
834 2751 892 2784 con·
935 2746 960 2794 p-
976 2732 1023 2779 286

289 2809 342 2858 dita
363 2810 424 2858 urbe
446 2810 518 2870 sacit3
544 2812 630 2861 recitat
652 2811 729 2861 homo
751 2813 784 2861 de
799 2813 892 2876 scripto
982 2806 1112 2858 Διπόλεια
1131 2809 1187 2875 (pro
1206 2796 1359 2873 Διιπόλςα);
1376 2812 1449 2874 ἑορτὴ
1467 2807 1542 2872 ’Δθῆ-
1630 2828 1631 2833 ’

288 2888 392 2949 (βιβλίον
403 2901 451 2952 974
461 2890 526 2953 sqq.)
538 2890 665 2938 oraculum
677 2891 777 2939 Bacidis
787 2890 888 2948 scilicet,
935 2902 1009 2945 νησιν,
1022 2886 1074 2947 ἐνῇ
1091 2888 1198 2936 Πολιεῖ
1215 2890 1260 2936 Διί
1276 2890 1358 2937 θύουσι
1369 2891 1541 2951 σκιρροφοριιδ-
1629 2928 1630 2935 .

288 2963 314 3011 in
326 2980 376 3028 quo
388 2966 461 3014 Bacis
472 2969 557 3015 omnia
574 2967 653 3016 fausta
665 2967 806 3016 Pithetaero
817 2967 891 3031 polli·
934 2980 972 3013 νος
989 2965 1097 3025 τετάρτη
1114 2966 1154 3013 ἐπὶ
1175 2967 1239 3014 δέκα.
1258 2978 1354 3015 serimn
1366 2966 1399 3015 ad
1417 2967 1475 3015 Pac
1491 2983 1541 3028 4²0

287 3050 357 3090 cetur
378 3043 464 3091 addita
486 3044 635 3093 conditione.
680 3045 826 3109 Respondet
849 3044 891 3093 ille
934 3042 977 3090 ubi
989 3043 1117 3107 Trygaeus
1128 3045 1162 3093 ait
1173 3043 1286 3107 μυστήρι’
1301 3046 1387 3108 Ἐρμῇ,
1405 3046 1541 3105 δισόλεθ,
1629 3078 1630 3095 ι

287 3119 338 3167 alio
357 3120 465 3179 ora'culo,
479 3120 504 3168 in
525 3137 575 3185 quo
597 3122 658 3170 deus
675 3121 743 3170 iubet
762 3123 891 3173 verberare
935 3121 1023 3169 όδώνια
1034 3123 1139 3184 (όξοριν)
1159 3122 1311 3189 hejsacra
1327 3123 1424 3172 Cereris
1443 3132 1468 3172 et
1481 3125 1541 3173 Pro·

279 3186 438 3259 ‘quicumque
934 3200 1054 3263 serpinae,
1070 3200 1138 3249 lovis
1155 3204 1293 3259 servatoris,
1304 3201 1433 3270 ⁴Adonidis
1450 3210 1476 3251 et
1490 3204 1541 3254 Ve-

438 3296 527 3350 ρκλητος
537 3298 687 3351 ωνᾶνηρωπος
697 3301 781 3353 ἑλών,
933 3279 998 3325 neris
1017 3279 1077 3337 (non
1093 3278 1144 3326 iam
1161 3277 1199 3326 his
1216 3278 1269 3327 deis
1286 3279 1340 3339 sed)
1366 3279 1457 3328 Hermi
1479 3280 1542 3329 cele-

338 3361 395 3413 λυπῄ
403 3362 792 3419 θυόντιςκιὶσπλαχνιύιινέπιθυμη,
933 3353 1078 3404 brabimus'
1123 3356 1332 3420 Antiquissimum
1370 3364 1455 3406 autem
1495 3359 1541 3408 luit

933 3431 1102 3491 festum,unde
1111 3434 1242 3493 διπολιώθη
1250 3450 1296 3497 pro
1303 3435 1439 3497 antiquis
1450 3436 1539 3485 valde

933 3514 962 3555 et
974 3506 1125 3557 obsoletis
1137 3510 1238 3572 ponitur
1248 3510 1274 3557 in
1287 3511 1357 3560 Nub.
1374 3513 1431 3577 984,
1446 3513 1540 3574 όρχαῖα

336 3565 383 3619 μήτ’
392 3567 418 3621 ἦν
426 3568 519 3618 Adam
527 3565 540 3623 ᾗ
549 3568 595 3622 μήτ’
604 3567 630 3621 ἣν
638 3568 724 3621 taque
732 3569 878 3621 Διοπείθης,
932 3587 972 3633 tal
984 3587 1148 3646 woman
1160 3586 1212 3648 (out
1222 3588 1319 3649 ofdape)

285 3663 353 3727 quod
373 3665 518 3713 mandatum
536 3680 660 3730 exequens
677 3667 804 3715 hominem
822 3665 888 3715 male
981 3660 1113 3717 Διτόλιιςε
1130 3680 1222 3713 nornen
1234 3665 1328 3724 famuli,
1343 3666 1411 3714 Ran.
1423 3665 1474 3715 608

284 3742 420 3791 mulcatum
438 3744 523 3807 abigit.
560 3745 667 3793 Videtur
681 3754 765 3794 autem
783 3744 887 3808 Diopi·
980 3737 1130 3793 Διόννσοςτ
1153 3743 1251 3800 λιμναῖα
1269 3744 1360 3805 κρηνῶν
1375 3745 1458 3802 τέκνα,
1479 3746 1539 3793 Σόν-

283 3821 350 3869 thes
370 3837 469 3885 quoque
484 3830 511 3870 ut
530 3823 628 3886 Lampo
645 3839 695 3870 non
708 3823 788 3872 solum
801 3838 885 3871 oracu·
931 3820 1005 3865 ανλνν
1023 3816 1099 3875 ὕμνων
1111 3820 1173 3881 βοὰν
1188 3819 1341 3880 Φθεηξιόρεθ)
1360 3823 1463 3882 εὔγηρυν
1480 3824 1540 3881 ἐμόν

283 3900 364 3948 lorum
379 3900 499 3963 interpres
515 3900 589 3948 fuisse
605 3901 648 3948 sed
666 3901 740 3949 etiam
753 3901 886 3963 rempubli-
930 3896 1020 3955 ἀοιδόν,
1030 3895 1079 3942 Ἢν
1091 3897 1154 3957 ἀμφὶ
1164 3898 1261 3956 ννσὴιον
1276 3899 1331 3946 Διὸς
1348 3898 1499 3948 Διώνυσον
1515 3902 1540 3948 ἐν

284 3990 338 4022 eam
361 3975 478 4037 attigisse,
503 3982 606 4022 annotat
629 3976 723 4038 quippe
747 3975 887 4024 Scholiasta
930 3974 1056 4030 Λίμναισιν
1067 3972 1540 4037 ἱαχησαρεν,“Ηνίχ’όκραιπαλόκωμος

287 3471 311 3512 et
323 3463 416 3512 nemini
428 3481 528 3528 parcere
539 3484 561 3515 v.
577 3467 633 3532 988,

283 4054 492 4111 Διοσείθηςνθν
502 4053 545 4110 μὲν
557 4053 587 4099 ὡς
598 4054 776 4113 χρησμολόγος
789 4054 887 4114 ἑτέρωθι
930 4050 983 4099 Τοῖς
999 4052 1082 4112 ίεροῖσι
1100 4054 1211 4113 χότροισι
1228 4053 1310 4115 Χωρεΐ
1325 4052 1378 4100 κοτ’
1396 4054 1454 4112 ἐμόν
1469 4057 1539 4114 τέμε·

284 4129 310 4176 δὲ
333 4130 363 4178 ὡς
384 4132 471 4178 κυλλός
494 4130 534 4178 καί
556 4130 683 4190 δωροδόκος
705 4130 801 4192 tEqust.
826 4130 886 4191 1084
930 4146 967 4178 νος
978 4131 1044 4177 λαῶν
1059 4130 1140 4190 όχλος,
1155 4131 1219 4179 Ran.
1234 4145 1364 4180 art—220
1375 4131 1399 4180 h.
1409 4147 1430 4180 e.
1452 4132 1539 4196 ‘hym-

283 4208 328 4263 τὴν
350 4208 479 4266 Κυλλήνην
495 4207 509 4255 ό
526 4208 612 4269 Φοῖβος
630 4208 654 4255 ἐς
671 4208 715 4264 την
733 4205 794 4266 χεῖρ’
814 4209 887 4268 ὀρθῶς
929 4208 968 4255 nis
987 4224 1044 4257 eum
1063 4211 1191 4259 Bacchum
1209 4211 1366 4270 extollamus,
1378 4212 1421 4275 qui
1439 4228 1508 4263 nunc
1524 4230 1539 4261 a

283 4278 382 4345 ᾐνίξατο
403 4286 447 4342 την
469 4283 658 4343 Διοπείθους).
696 4286 828 4345 Σύμμαχος
848 4287 887 4334 ότι
930 4284 1047 4335 Charone
1059 4288 1177 4350 paludem
1188 4287 1242 4351 (τὴν
1253 4290 1346 4350 λίμνην)
1360 4290 1536 4351 transvehitur,

283 4361 440 4419 Διοπείθης
466 4362 479 4409 ό
506 4362 585 4424 ρηνωρ
608 4361 771 4420 ὑπομανιιόδης
793 4359 829 4421 ἦν,
856 4364 887 4413 ὠς
929 4364 1001 4413 sicuti
1013 4368 1038 4414 in
1057 4367 1154 4415 Limnis
1171 4367 1294 4430 Nyseium
1312 4368 1538 4431 Dionysumdie

283 4437 443 4497 Τηλεκλείδης
461 4439 485 4487 ἐν
504 4437 699 4499 ’Δρφικτνόσι
717 4441 790 4500 δῆλον
812 4442 882 4489 ποιεῖ.
929 4441 1081 4505 Chytrorum
1093 4445 1223 4493 coaxando
1234 4444 1405 4495 celebramus!
1435 4446 1538 4515 Nempe

877 4538 929 4591 (⁸0⁸)
