3262 5254
534 442 988 533 Πράμνιοο--Πρόδικος

127 624 183 682 sita,
205 616 396 672 Corinthiorum
415 619 522 681 colonia,
541 620 732 670 Atheniensium
775 626 843 680 strat,
869 619 1007 683 248-279.
1042 614 1145 669 Abeunt
1168 617 1194 667 in
1219 614 1374 680 concionem,

129 703 211 749 socia:
229 699 290 748 τίδ’
303 699 434 761 (Cleonem
451 698 586 762 alloquitur
602 698 731 759 isiciarius)
777 697 832 753 284.
867 697 898 744 ln
925 712 975 760 qua
1002 696 1155 758 mulieribus,
1183 696 1217 746 ob
1244 697 1377 746 mulierum

129 775 442 838 ίκΠστειδαίαςίχοντ’
456 777 481 824 εῦ
492 777 545 825 olla
554 777 612 825 δέκα
623 777 733 825 τάλαντα
773 773 891 838 suffragia
900 773 1030 823 ferentium
1042 774 1237 834 multitudinem,
1251 785 1314 838 resp.
1328 782 1377 823 tra·
1472 798 1475 805 ·

131 855 178 918 Eq.
195 855 244 917 438
776 852 849 901 ditur.
885 851 961 901 Redit
973 867 1029 902 cum
1037 852 1111 901 sociis
1123 852 1297 916 Praxagora
1314 867 1376 916 quas

180 929 331 997 Πράμνιον
345 932 471 981 Athenaei
479 933 651 995 Epitomeip.
663 941 733 992 301³:
775 929 873 978 virilem
891 928 1004 978 habitum
1022 929 1148 993 deponere
1167 929 1242 989 iubet,
1263 943 1311 991 504
1322 926 1376 994 sqq.
1443 948 1445 951 ·

129 1011 245 1072 γίγνεται
261 1011 287 1059 δὲ
304 1011 331 1059 ἐν
344 1008 439 1072 Ἰκάρῳ,
458 1011 533 1069 φησίν
549 1008 734 1070 Ἐπαρχίδης,ὁ
777 1007 879 1071 Blepyri
891 1006 973 1055 mariti
991 1005 1024 1056 de
1040 1010 1107 1056 exitu
1127 1010 1211 1056 uxoris
1229 1009 1378 1071 intempesto

130 1086 290 1150 Πράμνιος.
326 1088 379 1136 ἔστι
399 1087 426 1135 δὲ
444 1085 514 1136 οὕτος
532 1086 602 1147 γένος
618 1103 643 1133 τι
661 1087 734 1134 οίνου·
777 1084 932 1148 suspiciones
950 1087 1098 1134 commentis
1115 1085 1224 1143 discutit,
1239 1091 1264 1134 et
1278 1084 1379 1133 beatam

131 1167 172 1214 καί
184 1167 252 1215 ἔστιν
263 1164 331 1215 οὗτος
342 1167 398 1215 οὔτε
407 1167 498 1228 γλυκὺς
509 1166 564 1213 οὔτε
576 1165 664 1224 παχύς,
678 1159 733 1211 ἀλλ’
777 1163 902 1212 civitatem
913 1161 1049 1226 praedicat,
1062 1177 1137 1226 quam
1149 1178 1164 1210 a
1175 1165 1229 1211 viro
1246 1177 1273 1211 se
1283 1163 1379 1211 discere

130 1240 253 1304 αὐστηρὸς
264 1245 303 1291 καί
320 1239 424 1304 σκληρὸς
441 1243 481 1290 καί
493 1243 590 1301 δύναμιν
605 1233 674 1302 ἔχων
685 1242 734 1290 δια·
777 1239 1066 1289 simulat'traditamesse
1074 1239 1226 1298 mulieribus,
1238 1250 1375 1301 yae-570.

130 1322 261 1382 φέρουσαν,
292 1321 333 1382 alp
357 1319 535 1381 Ἀριστοφάνης
562 1321 608 1381 οὐχ
634 1310 735 1379 ἥδεσθαι
778 1319 835 1366 Iam
856 1317 968 1380 exponit,
990 1332 1042 1381 quo
1060 1316 1168 1366 salvetur
1190 1318 1284 1377 civitas,
1310 1318 1379 1366 bona

132 1399 273 1458 ’Δθηνοίους
301 1399 361 1458 φησί
393 1399 474 1458 λέγων
502 1395 553 1444 τὰν
577 1394 735 1455 Ἀθηναίων
778 1395 863 1444 omnia
874 1394 1017 1443 communia
1025 1410 1079 1463 esse
1091 1395 1196 1454 debere;
1212 1396 1238 1443 in
1249 1395 1378 1459 publicum

130 1477 222 1536 δῆμον
233 1476 301 1523 οὔτε
311 1475 448 1534 ποιήσαις
459 1472 585 1533 ἥδεσθαι
596 1473 735 1535 σκληροῖς
777 1475 853 1539 igitur
863 1474 1013 1538 deponenda
1024 1490 1078 1524 esse
1094 1481 1122 1523 ut
1133 1491 1163 1524 ex
1180 1480 1307 1524 communi
1324 1491 1378 1524 om-

131 1553 374 1611 καίάστίμφεσιν
390 1553 456 1599 οὔτε
473 1552 633 1613 Πραμνίοις
649 1552 734 1609 σκλη-
779 1567 822 1601 nes
842 1552 941 1611 vivant3
957 1554 1033 1600 etiam
1048 1552 1164 1601 mulieres
1183 1559 1208 1602 et
1225 1555 1291 1602 viros
1310 1567 1378 1602 com·

129 1632 228 1691 ροῖσιν
249 1631 341 1689 οίνοις,
367 1626 545 1689 συνάγουσιν
573 1629 625 1678 τὰς
646 1628 736 1689 ὀφρῦς
778 1646 865 1680 munes
883 1644 937 1680 esse
958 1630 1058 1689 debere,
1077 1628 1216 1695 dequibus
1234 1631 1316 1696 legem
1336 1631 1379 1680 ha·

130 1725 164 1757 τε
182 1709 232 1757 καί
247 1709 298 1767 τὴν
314 1701 433 1768 κοιλίαν,
448 1703 513 1755 ἀλλ’
529 1706 672 1767 ἀνθοσμίᾳ
690 1707 734 1754 καί
778 1708 855 1757 bendi
867 1708 984 1756 omnibus
994 1723 1101 1771 aequarn
1108 1709 1239 1772 proponit3
1251 1709 1288 1758 ita
1296 1725 1379 1773 neque

132 1786 239 1834 πέπονι
266 1785 506 1846 νεκταροσταγεῖ.
548 1784 608 1832 εἶναι
635 1785 684 1845 γὰρ
711 1784 737 1831 ἐν
778 1785 877 1848 rapinas
899 1799 980 1849 neque
1004 1785 1060 1834 lites
1082 1784 1175 1834 futuras
1196 1801 1278 1851 neque
1299 1802 1380 1837 mere·

129 1861 221 1925 Ἰκάρῳ
243 1864 304 1922 φησί
327 1864 409 1921 Σῆμος
426 1860 561 1924 Πράμνον
582 1862 674 1923 πέτραν
695 1863 736 1910 καί
778 1863 867 1921 trices;
883 1863 949 1911 viros
961 1878 1007 1926 pro
1025 1864 1123 1913 iudiciis
1141 1864 1255 1913 convivia
1270 1862 1378 1914 adiutos.

133 1940 194 2002 παρ’
209 1938 274 2003 αὐτῇ
282 1941 335 2001 ὅρος
345 1941 417 1999 μέγα,
433 1936 473 2000 ἀφ’
490 1935 518 1987 οὗ
535 1935 577 1987 τὸν
588 1936 737 1999 Πράμνιον
779 1941 810 1990 In
828 1940 908 1989 lorum
920 1940 972 1990 abit
984 1941 1017 1989 ad
1029 1941 1172 2005 recipienda
1182 1942 1250 1990 bona
1266 1944 1293 1990 iu
1311 1957 1378 1992 com·

133 2020 204 2076 σίνον,
218 2019 245 2067 ὃν
254 2019 293 2066 καί
306 2019 460 2079 φαρμακίτην
469 2017 534 2066 τινάς
547 2018 637 2075 καλεῖν,
649 2015 678 2064 t'r.
687 2016 735 2065 inc.
779 2033 855 2067 mune
876 2018 999 2082 deposita,
1026 2019 1163 2080 283-727.
1198 2019 1253 2068 Lex
1270 2019 1323 2070 eius
1347 2020 1381 2069 de

132 2097 208 2156 cviii3
225 2097 287 2145 οἶνον
297 2097 323 2144 δὲ
333 2097 409 2143 πίνειν
419 2097 461 2143 οὐκ
479 2093 546 2143 ἐάσω
556 2093 734 2155 Πράμνιον...
778 2096 906 2149 communi
923 2111 969 2145 usu
981 2096 1112 2146 mulierum
1125 2103 1149 2145 et
1166 2095 1275 2146 virorum
1293 2098 1383 2147 aetati·

135 2173 185 2225 oto’
199 2176 275 2222 άλλον
285 2174 351 2222 ίίστις
362 2174 475 2234 ἐπεγερεῖ
489 2173 531 2220 τὸν
542 2173 647 2235 ἔμβολον
658 2172 736 2233 (lihi-
779 2174 826 2223 bus
837 2171 959 2223 distindlo
979 2173 1075 2223 vetulas
1092 2174 1270 2224 audacissimas
1287 2177 1378 2237 reddit,

132 2253 236 2301 dinem
254 2250 358 2312 ciebit)
369 2247 578 2312 Thesmss'inr
588 2248 667 2310 ;ίλχ“
681 2251 738 2298 ἔλκε
780 2251 954 2313 877-1111.
989 2251 1061 2300 Felix
1088 2253 1246 2315 praedicatur
1272 2254 1382 2319 populus

133 2331 181 2388 τὴν
194 2328 238 2389 (sc.
251 2328 345 2386 κύλικα)
357 2327 400 2375 τοῦ
412 2327 520 2386 δαίμονος
530 2326 574 2375 τοῦ
590 2326 739 2389 Πραμνίου
780 2326 941 2376 Atheniensis
953 2334 978 2376 et
991 2327 1170 2391 Praxagora
1190 2342 1251 2378 ¹112
1268 2346 1330 2394 sqq,
1343 2332 1380 2381 vi.

135 2407 186 2470 Eq.
215 2416 260 2466 107
283 2404 337 2465 (ubi
360 2405 450 2462 δαίμων
471 2401 621 2465 Πράμνιος
643 2405 738 2452 comice
781 2421 836 2454 rum
847 2413 872 2454 et
885 2406 1067 2455 Ecclesiazusas
1079 2406 1210 2456 adcenam
1229 2407 1323 2456 lautam
1341 2412 1378 2459 in·

134 2482 233 2534 dietum
256 2490 293 2532 est
315 2489 342 2531 ut
365 2479 457 2542 άγαθός
479 2482 576 2540 δαίμων.
619 2481 738 2530 Ceterum
779 2483 867 2541 vitans,
885 2495 946 2543 1ra5
959 2498 996 2546 sq.

133 2561 202 2611 conl.
213 2561 275 2610 Plin.
285 2561 320 2610 N.
328 2561 363 2609 H.
374 2572 426 2608 xw
435 2567 458 2621 4,
468 2558 497 2608 6:
510 2559 655 2618 Pramnio,
670 2557 739 2622 quod
829 2556 970 2624 Πρασιοίι
988 2559 1072 2609 Schol.
1085 2559 1156 2609 πόλις
1167 2559 1294 2620 Λακωνική
1304 2563 1379 2612 mari·

136 2639 266 2687 Homerus
291 2637 432 2697 celebravit,
462 2637 537 2686 etiam
565 2651 632 2685 nunc
658 2636 738 2684 honos
780 2636 842 2686 tima
864 2639 890 2685 in
913 2635 1004 2685 finibus
1024 2631 1225 2701 Epidauriorum,
1245 2654 1321 2703 quam
1341 2657 1383 2690 se·

108 2716 111 2721 ⁴
135 2717 218 2764 durat.
254 2714 373 2763 Nascitur
395 2713 516 2777 Smyrnae
542 2713 643 2777 regione
670 2715 739 2762 iuxta
780 2714 862 2764 cundo
873 2712 933 2762 belli
945 2728 1011 2762 anno
1023 2713 1055 2761 ab
1069 2713 1267 2763 Atheniensibus
1278 2723 1378 2779 captam

132 2793 269 2843 delubrum
280 2791 458 2840 matrisdeum.
486 2791 581 2840 Contra
593 2789 737 2840 Athenaeus
780 2791 938 2855 dirutamque
949 2806 1002 2841 esse
1014 2798 1096 2840 narrat
1113 2791 1274 2854 Thucydides
1286 2792 1376 2860 11‘cap.

134 2873 153 2921 l.
162 2887 183 2921 c.
198 2871 224 2919 in
235 2870 316 2919 insula
327 2870 399 2918 Ioero
410 2875 496 2917 natum
507 2884 561 2917 esse
572 2871 657 2918 statuit
703 2868 708 2883 ⁸
782 2866 829 2930 563
847 2869 875 2915 ίὼ
886 2868 948 2929 Ilpa
956 2870 1017 2917 σιαί
1025 2866 1164 2930 τρισάθλιοι
1173 2870 1213 2916 καί
1220 2872 1332 2921 πεντάκις
1342 2876 1383 2922 καί

188 2944 365 3012 Προξογὸρος
382 2947 408 2995 in
426 2946 598 2995 Ecclcsrazusr's
615 2946 648 2995 de
662 2941 738 2994 nodie
782 2947 955 2996 collaberetur
966 2946 997 2996 ὡς
1008 2946 1142 2995 άτολεΐσθε
1152 2947 1256 3009 τήμερον
1265 2949 1321 2997 Pac
1335 2964 1381 3011 242

136 3027 265 3091 egreditur
284 3040 348 3073 cum
360 3024 451 3086 lychno
469 3020 549 3081 fictili,
567 3039 642 3087 quem
659 3037 739 3072 secre-
830 3020 947 3087 Πρίπιςε
965 3023 1042 3072 homo
1053 3024 1207 3088 impudicus;
1226 3024 1273 3073 οὐδ’
1285 3027 1381 3089 ἐξομίρ·

137 3114 222 3155 torum
234 3103 392 3152 muliebrium
401 3102 527 3152 conscium
539 3100 681 3166 alloquitur,
693 3101 739 3150 uiri
785 3101 852 3160 ξετοι
872 3098 1043 3162 Πρίπιςπήν
1059 3103 1237 3164 εὐρυπρωκτίαν
1255 3119 1295 3152 σοι
1314 3104 1380 3155 Ach.

136 3183 227 3231 habitu
238 3180 366 3245 barbaque
377 3187 461 3229 assuta
467 3182 493 3227 in
501 3180 648 3229 concionem
659 3195 738 3244 popu·
783 3180 831 3240 843
841 3178 896 3228 he.
910 3178 970 3242 quia
985 3190 1051 3227 nunc
1068 3178 1137 3229 solus
1153 3181 1179 3228 in
1196 3179 1251 3229 soro
1267 3183 1379 3243 versaris,

135 3261 155 3310 li
167 3263 240 3320 itura,
251 3267 276 3309 et
287 3259 366 3308 socias
377 3259 493 3307 mulieres
505 3255 627 3322 expediat,
653 3270 737 3321 1-29.
784 3256 890 3320 Prepis
902 3256 1126 3321 impudicitiam
1143 3274 1226 3307 suam
1243 3259 1301 3309 tibi
1322 3276 1383 3309 non

129 3340 205 3388 ·Cum
215 3332 638 3394 convenientibussennonesnediit,
649 3350 740 3398 easque
783 3333 949 3384 affricabit·

137 3415 240 3467 instruit
261 3415 352 3479 quibus
374 3414 456 3462 modis
483 3413 549 3462 viros
571 3413 597 3461 in
619 3413 740 3462 concione
835 3409 972 3477 Πρίαμοςτ
992 3412 1143 3476 Phrygum
1161 3429 1225 3463 rex:
1254 3415 1303 3464 Av.
1324 3427 1380 3477 511,

137 3495 236 3553 fallant,
259 3491 379 3555 3a-168.
415 3491 491 3555 Quod
519 3507 575 3540 cum
603 3506 654 3539 non
681 3491 740 3539 satis
786 3487 856 3538 dror'
869 3491 962 3549 ἐξέλθοι
973 3506 1008 3540 τις
1020 3492 1083 3551 ἔχων
1094 3492 1157 3552 ὄρνιν
1168 3492 1194 3539 ἐν
1208 3494 1273 3542 τοῖσι
1288 3511 1383 3555 τραγῳ-

137 3571 267 3636 procedat,
288 3569 343 3633 ipsa
361 3571 497 3618 orationem
515 3568 592 3616 habet
611 3574 740 3631 tamquam
784 3567 831 3615 ὅοΐς
853 3566 897 3628 iq.
925 3567 951 3614 ἐν
972 3568 1025 3616 ταῖς
1050 3568 1209 3628 τρογῳδίσιςς
1241 3577 1270 3617 ut
1292 3576 1330 3618 est
1357 3570 1384 3620 in

137 3650 183 3701 vir,
195 3648 221 3696 in
238 3647 369 3704 concione;
387 3646 420 3695 ab
439 3645 508 3694 omni
527 3653 597 3709 parte
611 3644 677 3692 male
696 3644 740 3692 ad·
784 3642 917 3690 Demosth.
938 3658 964 3705 p.
992 3642 1029 3702 18,
1055 3658 1095 3704 54,
1118 3645 1279 3706 ἀναγορεῦσαι
1301 3648 1326 3694 ir
1347 3649 1385 3708 τῷ

106 3758 109 3765 ,
138 3726 275 3778 ministrari
283 3741 378 3789 remp.;
394 3740 475 3788 neque
483 3723 562 3772 ullam
573 3723 678 3773 salutem
687 3737 741 3772 esse
784 3720 877 3781 θεάτρῳ
897 3720 1026 3768 Διονυσίοις
1049 3722 1098 3769 τοῖς
1118 3722 1235 3780 μεγάλοις
1252 3725 1386 3783 τραγῳδοῖς

138 3803 189 3854 nisi
211 3803 356 3851 mulieribus
384 3816 481 3850 summa
508 3816 590 3850 rerum
618 3799 738 3859 tradatur,
784 3797 879 3854 καινοῖς,
902 3797 940 3844 ὄτι
957 3798 1075 3857 στεφανοῖ
1092 3796 1106 3845 ὁ
1126 3798 1198 3856 δῆμος
1216 3797 1385 3862 dupondium

138 3889 254 3932 veterum
265 3895 364 3929 morum
374 3878 511 3935 tenacibus,
525 3878 624 3926 divitias
633 3877 740 3942 paranti·
785 3874 876 3923 Aesch.
894 3888 915 3936 3,
932 3872 978 3936 363
995 3875 1050 3924 τούς
1066 3874 1164 3937 Φρύγας
1179 3875 1232 3922 οἶδα
1240 3876 1333 3937 θεωρῶν
1344 3879 1385 3927 ὅτε
1422 3926 1425 3931 ,

138 3961 196 4017 bus,
219 3957 361 4006 amantibus
378 3956 454 4019 pacis,
478 3954 615 4020 169-240.
652 3954 742 4002 Admi·
784 3950 821 4011 τῷ
838 3952 958 4013 Πριάμῳ
976 3953 1151 4010 συλλυσόμενοι
1167 3953 1210 4000 τὸν
1224 3951 1293 4001 παῖδ’
1308 3950 1386 4013 ἦλθον

138 4043 228 4086 rantur
269 4035 405 4097 Praxago
413 4048 481 4092 ram,
516 4047 580 4097 quae
618 4030 742 4096 proscrip-
785 4030 906 4077 τεθνεῶτα
917 4029 946 4077 ίτ.
968 4028 1017 4080 317

139 4115 239 4164 tionum
259 4127 274 4160 a
292 4127 341 4159 xxx
362 4111 422 4158 viris
438 4107 562 4158 fabiorum
577 4109 650 4172 fugae
671 4110 743 4157 rusti·
770 4149 779 4158 .
835 4105 979 4173 Πρινίδησς
997 4122 1089 4172 nomen
1105 4106 1171 4156 senis
1191 4107 1329 4156 carbonarii
1346 4110 1384 4158 A·

139 4205 229 4242 corum
237 4189 263 4238 in
275 4189 365 4238 urbem
377 4196 491 4252 tempore
500 4188 613 4251 inpnyce
628 4185 744 4235 habitans
786 4185 929 4257 ehamensis
940 4186 1005 4235 Aah.
1017 4183 1074 4245 dra,
1088 4181 1175 4233 fidium
1187 4198 1203 4232 a
1214 4186 1294 4246 πρῖνος
1306 4185 1328 4234 il
1336 4203 1384 4238 ex:

139 4266 284 4319 concionari
295 4266 424 4324 didicerat,
439 4264 487 4326 σμ’
498 4280 552 4330 sqq.
588 4263 686 4313 Deinde
703 4278 744 4311 ex·
785 4271 911 4327 utsupra
926 4280 949 4312 v.
970 4264 1024 4324 180,
1044 4261 1143 4312 στίπτοι
1160 4262 1270 4324 γέροντες
1287 4264 1387 4326 πρίνινοι

138 4349 215 4414 ponit
236 4344 364 4410 quomodo
386 4343 418 4391 sit
441 4350 551 4391 oratores
573 4338 697 4391 reiedtura
719 4349 744 4391 et
787 4340 1024 4404 (ilignildicuntur
1376 4380 1378 4385 ,

139 4425 209 4476 viros
231 4422 365 4473 simulandi
384 4419 489 4469 modum
506 4418 650 4469 mulieribus
672 4433 743 4468 mon·
836 4415 985 4484 Πρίδικοςς
1003 4417 1095 4468 ὁΚεΐος
1105 4415 1231 4482 sophista:
1250 4420 1290 4467 cui
1299 4419 1388 4481 σοφίας

737 4515 790 4568 (91⁵)
