3262 5254
831 440 991 525 Κλεοφῶν

290 611 422 661 Accedunt
440 610 480 661 his
498 611 549 661 loci
568 610 818 675 Aristophanel'tam
834 609 890 674 per'-

283 689 370 753 spicui
391 695 419 738 ut
441 689 490 738 soli
511 705 564 738 rem
590 687 713 738 conficere
735 687 891 753 potuissent:

283 774 443 831 quapropter
458 767 494 816 sic
510 767 670 816 statuendum
687 772 731 825 est,
745 766 810 815 inter
820 780 891 814 aneu

289 850 400 893 satorum
411 844 548 893 calumnias
556 852 580 893 et
591 845 734 893 Praetorum
743 844 891 893 condemna·

284 921 384 970 tionem
403 922 513 986 integros
530 922 685 985 praeteriisse
701 922 891 970 Maemacterio·

289 1013 347 1047 nem
368 1006 392 1047 et
412 999 598 1061 Poseideonem,
613 1015 664 1062 quo
678 1014 763 1048 mense
781 1001 892 1063 Διονύσια

283 1078 323 1126 ’τὰ
334 1076 387 1125 κατ’
398 1078 484 1140 ἀγρούς
495 1084 577 1127 esseut
586 1077 717 1136 celebrata,
726 1075 891 1141 protractum·

285 1170 340 1219 que
350 1171 403 1205 esse
414 1155 533 1204 iudicium
544 1156 570 1204 in
584 1171 698 1227 mensem¹
707 1154 889 1215 Gamelionem,

290 1249 341 1297 quo
364 1233 470 1282 Lenaeis
493 1233 675 1297 Aristophanes
697 1222 802 1282 salutem
824 1248 893 1297 egre·

288 1311 386 1374 giorum
398 1310 489 1360 civium
500 1309 677 1375 deprecantem
687 1310 803 1359 vidimus.

340 1390 395 1438 Iam
418 1389 623 1454 Cleophoutis
645 1389 671 1438 in
700 1389 740 1438 his
766 1389 846 1439 turbis
868 1398 893 1440 et

290 1467 390 1531 flagitiis
412 1468 480 1517 haud
503 1467 604 1532 exiguas
625 1468 701 1517 fuisse
719 1474 802 1531 partes
821 1467 893 1516 facile

290 1552 328 1595 est
339 1561 370 1595 ex
380 1546 436 1609 ipso
448 1546 619 1609 Aristophane
630 1546 749 1595 evincere.
782 1544 893 1608 Diligen-

289 1628 328 1673 ter
349 1626 417 1673 enim
438 1624 686 1673 animadvertendum
709 1630 747 1673 est
768 1622 795 1671 in
815 1622 893 1671 Chori

289 1701 424 1762 versiculis,
446 1718 511 1766 quae
527 1701 729 1765 deprecationem
749 1707 892 1764 praetorum

289 1778 403 1841 proxime
413 1778 566 1842 praecedunt
577 1780 622 1839 (vs
631 1776 772 1839 678—685)
781 1779 893 1825 convicia

291 1862 316 1903 et
327 1855 408 1904 minas
424 1855 451 1903 in
467 1855 628 1905 temerarium
643 1855 772 1904 hominem
788 1854 889 1915 effundi,

290 1948 405 1997 eumque,
419 1949 476 1981 cum
488 1933 529 1981 alii
541 1933 613 1981 multi
624 1932 650 1980 in
656 1933 739 1980 Ranis
749 1938 891 1995 tangantur,

291 2024 351 2074 prae
362 2010 449 2061 ceteris
460 2010 575 2059 omnibus
587 2025 674 2073 aspere
685 2009 813 2073 exagitari.

296 2125 299 2129 .
341 2087 453 2136 Eaedem
473 2103 561 2137 causae
581 2088 711 2136 Platonem
729 2089 893 2138 commovisse

291 2166 406 2214 videntur
432 2172 460 2215 ut
487 2173 587 2230 recepta
618 2166 764 2215 comoediae
793 2166 893 2217 licentia

291 2246 318 2291 in
340 2245 482 2308 Cleophonte
502 2244 587 2308 (quam
609 2243 718 2294 fabulam
739 2244 813 2293 simul
835 2262 892 2295 cum

292 2322 469 2387 Aristophanis
496 2324 581 2373 lionis
601 2330 626 2373 et
647 2325 731 2372 Musis
759 2324 893 2388 Phrynichi

291 2401 376 2451 docuit
393 2410 418 2451 et
434 2402 492 2452 tulit
505 2403 591 2452 tertias
602 2402 644 2453 01.
659 2415 731 2453 xc111
750 2400 773 2465 3)
785 2412 894 2454 uteretur

291 2481 324 2530 ad
343 2481 482 2531 notandum
499 2481 634 2540 hominem,
650 2481 694 2545 qui
712 2487 736 2531 et
754 2483 850 2546 patriae
869 2490 894 2532 et

291 2559 509 2622 praestantissimis
520 2560 615 2611 civibus
631 2559 735 2608 exitium
750 2561 892 2611 intentaret.

292 2638 421 2688 Generosa
431 2639 535 2688 audacia
547 2638 630 2703 ipsum
648 2639 773 2703 Populum
783 2640 809 2687 in
821 2656 896 2690 scena

292 2717 344 2781 egit
354 2717 488 2781 deceptum
498 2717 571 2766 malis
583 2717 778 2781 demagogorum
789 2719 892 2779 artibus,

292 2791 411 2842 infestum
434 2794 536 2858 optimis
564 2794 667 2853 civibus,
695 2801 721 2843 et
742 2788 895 2859 nequissimo

293 2870 382 2935 auique
399 2871 491 2921 stolide
506 2872 694 2936 obsequentem.
734 2872 795 2937 Egit
810 2880 895 2925 autem

293 2949 419 3013 Populum
429 2966 509 2999 novos
520 2958 647 3014 praetores
663 2950 690 2998 in
707 2954 828 3002 concione
844 2969 894 3002 cre·

293 3035 378 3077 antem
389 3045 419 3078 ac
429 3029 538 3089 iamiam,
553 3044 585 3078 ne
597 3029 653 3094 quis
668 3030 715 3078 sibi
727 3031 830 3080 retineat
842 3048 893 3081 ma·

292 3122 361 3163 num,
386 3106 523 3170 pessimum
547 3106 675 3155 hominem
700 3122 727 3156 se
754 3115 894 3157 creaturum

293 3183 452 3232 clamantem.
478 3183 704 3247 Cleophontem
716 3192 800 3234 autem
812 3188 894 3249 ipsum

292 3262 328 3307 sic
339 3258 480 3308 ludificatus
491 3266 537 3316 est,
549 3267 576 3308 ut
587 3276 639 3309 non
649 3261 726 3310 modo
736 3265 893 3326 peregrinam

293 3335 338 3385 sed
354 3336 437 3395 etiam,
452 3336 489 3385 uti
505 3336 611 3395 videtur,
630 3337 745 3387 servilem
765 3339 788 3388 ei
804 3355 893 3404 expro-

292 3415 376 3462 braret
392 3412 513 3477 originem
532 3415 689 3479 eundemque
711 3418 815 3481 turpiter
832 3435 893 3484 opes

294 3492 400 3542 civitatis
421 3493 496 3541 furari
518 3493 696 3543 criminaretur.
731 3496 824 3546 Verum
845 3499 893 3548 ista

292 3570 421 3636 peculatus
443 3572 558 3636 suspici0,
586 3588 636 3636 quo
661 3574 761 3623 nomine
781 3575 893 3641 plerique

292 3651 353 3713 reip.
376 3648 543 3698 moderatores
566 3651 794 3710 maleaudiebant,
814 3652 888 3715 (cons.

290 3728 403 3791 lepidum
414 3727 497 3777 locum
510 3727 627 3792 Xenoph.
640 3730 756 3780 inAnab.
768 3731 799 3779 iv.
813 3729 835 3791 6,
853 3729 892 3791 16)

290 3806 317 3854 in
329 3805 526 3870 Cleophonte
546 3805 647 3869 quidem
664 3806 726 3856 salsa
737 3807 790 3856 suit.
808 3807 894 3858 Testis

291 3892 328 3934 est
340 3885 427 3947 Lysias
441 3890 491 3946 pro
508 3883 560 3933 bon.
575 3884 700 3947 Anstoph.
713 3886 726 3942 ἓ
737 3887 783 3946 48:
803 3886 891 3935 Κλεο-

292 3965 391 4021 φῶντα
414 3962 439 4010 δὲ
463 3961 551 4010 πάντες
579 3963 640 4018 iore,
671 3963 711 4009 ὅτι
738 3965 822 4015 πολλὰ
849 3966 893 4024 ἔτη

291 4041 418 4101 διεχείρισε
435 4039 468 4086 τὰ
482 4040 525 4097 τῆς
543 4037 637 4086 πόλεως
651 4038 732 4086 πάντα
748 4041 788 4087 καῖ
805 4057 891 4101 apocr.

292 4117 380 4165 δοκεῖτε
391 4117 453 4164 πάνυ
465 4117 548 4164 πολλὰ
560 4116 586 4164 ἐκ
597 4116 640 4175 τῆς
652 4116 728 4178 ἀρχῆς
740 4118 804 4176 ἔχειν
816 4118 893 4177 (unde

292 4192 420 4242 conficitur
431 4209 506 4257 quam
521 4192 595 4243 avide
610 4195 763 4243 comicorum
778 4194 892 4244 crimina·

292 4270 372 4319 tiones
379 4269 566 4333 exciperentur),
575 4271 735 4335 ύποθιινύντοςι
743 4271 766 4319 δ”
772 4274 846 4320 aaron
855 4275 891 4322 oti-

292 4348 368 4402 δαμού
381 4347 443 4405 δῆλα
454 4350 487 4397 rt
498 4349 620 4408 χρήματα,
635 4348 702 4400 dite
715 4351 754 4401 καὶ
767 4350 789 4397 ol
801 4353 892 4412 προσή·

293 4440 374 4473 κοντες
392 4425 430 4473 καῖ
449 4426 471 4473 ol
491 4426 613 4485 κηδεσταί,
628 4425 684 4488 παρ’
700 4427 733 4479 οἷς
752 4429 890 4488 κατέλιπεν,

926 604 1128 671 renuntiaveritis
1152 604 1255 669 reatin
1282 609 1350 662 εἰσιν.
1383 602 1541 657 'Non‘erat

929 695 1017 737 autem
1029 687 1188 752 Cleophou
1205 703 1236 736 ex
1253 690 1302 736 isto
1319 702 1425 735 numero
1442 686 1485 749 qui
1503 688 1543 734 ita

933 765 1080 830 popularem
1108 764 1242 814 factionem
1270 762 1488 828 amplectebantur
1511 770 1542 811 ut

929 843 1056 907 imprimis
1083 843 1130 892 sibi
1159 842 1329 901 consulerent3
1356 848 1439 905 neque
1466 840 1544 903 plebs

933 937 1053 986 umquam
1075 921 1165 970 ducem
1187 921 1275 969 habuit
1300 922 1344 984 qui
1367 921 1542 968 constantiore

929 994 1018 1049 'animo
1040 1001 1066 1046 ln
1088 1014 1119 1048 eo
1141 998 1271 1063 proposito
1291 997 1441 1061 persisteret,
1469 995 1544 1059 quod

934 1078 1101 1126 democratiae
1112 1075 1268 1139 profuturum
1279 1074 1403 1123 censebat.
1440 1070 1545 1121 Auctor

935 1163 972 1205 est
980 1155 1075 1218 Lysias,
1085 1154 1127 1218 qui
1139 1154 1252 1217 quamvis
1260 1168 1311 1201 non
1319 1167 1423 1216 parcens
1428 1150 1536 1210 homini,

935 1235 1005 1283 cuius
1032 1233 1129 1281 animus
1152 1232 1249 1295 inquies
1275 1238 1300 1280 et
1324 1230 1412 1278 avidus
1438 1229 1540 1293 imperii

935 1311 1051 1363 maximis
1078 1310 1261 1360 calamitatibus
1290 1324 1369 1373 remp.
1408 1307 1539 1366 afflixerat,

936 1397 1020 1438 tamen
1031 1388 1098 1437 ultro
1108 1388 1205 1447 latetur,
1221 1402 1359 1450 numquam
1376 1385 1435 1433 vivo
1451 1384 1538 1434 Cleo-

936 1468 1050 1532 phonte
1068 1464 1180 1515 futurum
1194 1466 1268 1514 fuisse
1279 1472 1307 1514 ut
1320 1463 1443 1528 populare
1460 1466 1540 1527 impe·

937 1545 1001 1595 rium
1018 1542 1272 1608 paucorum'insidiis
1291 1550 1316 1592 et
1337 1542 1446 1591 hostium
1471 1548 1540 1589 metu

936 1623 1071 1673 tolleretur.
1101 1623 1132 1671 In
1140 1637 1239 1672 summa
1249 1622 1360 1670 omnium
1372 1620 1540 1684 trepidatione

936 1708 993 1766 post
1013 1701 1110 1750 cladem
1129 1700 1163 1749 ad
1185 1701 1270 1763 Aegos
1292 1705 1413 1763 potamon
1433 1695 1539 1758 προύκε-

936 1781 1022 1828 λοῦντο
1034 1782 1056 1827 οῖ
1067 1778 1247 1837 Λακεδαιμόνιοι
1256 1778 1348 1838 cipetum
1358 1776 1488 1834 ποιεῖσθαι,
1501 1773 1539 1835 ἐφ’

937 1856 957 1918 ql
975 1874 1002 1904 τε
1020 1858 1068 1904 τῶν
1083 1854 1180 1916 μακρὣ
1196 1855 1284 1915 τειχῶν
1299 1855 1340 1902 ἐπὶ
1354 1854 1412 1907 δέκα,
1426 1856 1538 1903 σταδίους

937 1936 1048 1985 καθελεῖν
1065 1935 1184 1996 ἑκάτερον,
1206 1933 1322 1998 Xenoph.
1336 1933 1404 1982 Hell.
1418 1944 1441 1980 11
1455 1947 1478 1990 a,
1495 1943 1538 1991 15:

936 2014 966 2063 cs.
986 2014 1044 2077 Lys.
1062 2015 1089 2061 in
1101 2015 1204 2076 Agorat.
1220 2014 1267 2071 38.
1304 2012 1401 2061 Habita
1418 2011 1540 2060 concione

936 2091 964 2141 fit
977 2091 1135 2156 plebiscitum
1149 2091 1184 2150 μὴ
1202 2091 1286 2150 ἐξεῖναι
1297 2091 1353 2151 περῖ
1371 2092 1464 2137 τούτων
1481 2091 1538 2148 ξυμ·

935 2171 1064 2234 βουλεύειν,
1086 2165 1188 2217 ειιᾶοτε
1203 2168 1325 2232 imprimis
1342 2167 1540 2231 Cleophonte

936 2249 979 2313 qui
1003 2249 1062 2310 ύτὲρ
1092 2246 1206 2295 ἁπάντων
1228 2247 1334 2296 ἀναστὰς
1355 2245 1477 2305 ἀντεῖπεν,
1505 2247 1538 2296 ὠς

934 2328 1008 2375 adbeel
1024 2326 1107 2386 τούτῳ
1122 2325 1170 2374 olda
1185 2341 1215 2372 τε
1229 2326 1267 2382 εἴη
1285 2326 1362 2373 ποιεῖν
1379 2326 1459 2372 ταῦτα
1478 2324 1537 2388 LyS.

934 2405 995 2454 ibid.
1022 2404 1120 2455 Eodem
1132 2406 1218 2452 animo
1229 2409 1347 2460 senatum,
1358 2418 1434 2466 quem
1446 2403 1538 2466 oligar·

934 2483 1016 2532 chiam
1035 2483 1118 2531 moliri
1140 2482 1271 2538 sentiebat,
1291 2481 1437 2545 gramssime
1459 2480 1538 2529 incre·

934 2566 997 2627 puit‚
1021 2562 1079 2626 Lys.
1104 2562 1132 2611 in
1152 2561 1295 2611 M'comuck.
1315 2561 1328 2618 ᾗ
1349 2573 1378 2609 ιο
1395 2560 1541 2619 Κλεοφῶν

934 2641 980 2698 τὴν
1008 2641 1100 2700 βουλὴν
1121 2639 1243 2699 ἐλοιδόρει,
1273 2639 1374 2698 φάσκων
1395 2639 1540 2686 umorum

936 2718 975 2766 κεῖ
996 2719 1023 2765 ού
1037 2718 1069 2765 τὰ
1087 2718 1207 2779 βέλτιστα
1225 2718 1396 2777 συμβουλεύειν
1410 2717 1441 2778 τῇ
1460 2718 1539 2765 πόλει.

937 2795 1017 2845 Simul
1036 2796 1114 2843 homo
1136 2810 1193 2842 acer
1215 2793 1328 2849 Critiam‚
1349 2809 1425 2857 quem
1447 2793 1538 2842 horum

936 2875 1095 2923 consiliorum
1120 2878 1195 2936 caput
1217 2887 1270 2920 esse
1295 2871 1471 2935 perspiciebat,
1495 2888 1538 2920 au·

936 2948 1023 3001 dacter
1034 2952 1060 2999 in
1070 2949 1193 3014 frequenti
1201 2956 1287 2998 senatu
1299 2949 1440 3011 exagitavit.
1470 2950 1539 2997 Nam

935 3032 985 3080 huc
1005 3030 1129 3094 pertinere
1151 3028 1258 3077 arbitror
1278 3028 1362 3077 locum
1394 3028 1540 3077 Aristotelis

934 3110 1032 3158 Rhetor.
1048 3106 1103 3157 116
1119 3111 1132 3168 5
1152 3122 1181 3169 13
1198 3108 1344 3166 Κλεοφῶν
1359 3108 1424 3154 κατὰ
1438 3107 1541 3168 Κριτίου

934 3189 984 3236 τοῖς
1002 3188 1112 3235 Σόλωνος
1128 3185 1242 3247 ἐλεγείοις
1262 3185 1385 3245 ἐχρήσατο
1404 3186 1488 3246 λέγων
1503 3186 1541 3234 ὅτι

935 3266 1013 3313 πάλαι
1036 3265 1143 3324 ἁσελγῆς
1165 3264 1182 3321 ἡ
1204 3264 1274 3312 οἰκία·
1311 3264 1333 3310 οῖ
1351 3263 1401 3324 γὰρ
1425 3265 1455 3310 ἄν
1477 3281 1540 3311 ποτε

934 3344 1034 3402 ἐποίησε
1046 3343 1137 3391 Σόλων·

967 3453 1034 3497 εἰπεῖν
1046 3454 1171 3509 μοιΚριτίσ
1185 3454 1305 3507 ξανθότριχι
1318 3455 1396 3507 πατρὸς
1408 3455 1503 3500 ἀκούειν.

935 3573 1024 3636 Itaque
1034 3571 1190 3625 intellectum
1197 3580 1242 3634 est,
1252 3573 1300 3621 nisi
1312 3573 1388 3622 Cleo
1395 3573 1538 3638 phontem

934 3651 1068 3701 demedio
1087 3651 1250 3712 sustulissent,
1261 3651 1331 3700 irrita
1350 3651 1540 3701 constituendae

934 3728 1086 3791 oligarchiae
1094 3730 1198 3778 consilia
1208 3730 1337 3790 futuraffi
1352 3743 1390 3786 11,
1406 3744 1443 3779 ιο.
1469 3732 1539 3780 Hino

934 3806 1070 3857 calumnias
1088 3807 1114 3855 in
1133 3808 1262 3856 hominem
1279 3808 1417 3859 intentant:
1448 3810 1470 3856 ot
1490 3810 1540 3856 tua

933 3887 1087 3946 βουλεύοντες
1107 3887 1244 3934 καταλύσει
1263 3887 1309 3944 τὴν
1326 3887 1492 3947 ἂημσκρστῖαν
1508 3887 1539 3935 εἰς

934 3960 1019 4023 tyana
1042 3961 1227 4023 Κλεοφῶντα
1256 3964 1387 4012 καθιστᾶσι
1413 3965 1539 4024 πρόφασιν

933 4042 984 4099 μέν,
994 4043 1032 4089 dri
1044 4043 1086 4089 ούκ
1096 4037 1172 4099 ἦλθεν
1181 4042 1212 4090 εἰς
1219 4043 1251 4089 τὰ
1258 4043 1324 4090 ὅπλα
1332 4041 1538 4103 ἀναπαυσόμενος,

934 4118 963 4165 τὸ
982 4116 1007 4167 δ’
1027 4117 1116 4177 ἀληθὲς
1140 4120 1177 4167 ὅτι
1200 4117 1313 4167 ιίντεῖπεν
1335 4119 1395 4180 ὑπὲρ
1418 4120 1485 4178 ὑμῶν
1506 4124 1539 4181 μὴ

934 4196 1056 4256 καθαιρεῖν
1070 4197 1102 4245 τὰ
1119 4197 1199 4258 τείχη,
1220 4196 1280 4259 Lys.
1299 4198 1328 4245 in
1345 4200 1449 4259 Agorat.
1468 4201 1482 4257 ἓ
1503 4214 1539 4248 12.

936 4273 1030 4323 Placuit
1042 4275 1116 4337 igitur
1132 4277 1228 4324 senatui
1243 4291 1301 4324 eum
1317 4274 1431 4324 vinc'tum
1445 4277 1540 4326 iudicio

934 4352 1031 4401 tradere
1042 4353 1109 4415 quod
1121 4352 1162 4402 lex
1172 4353 1323 4417 postulabat,
1336 4354 1424 4403 Meier.
1437 4355 1468 4404 de
1483 4357 1537 4406 bon.

934 4430 1019 4479 damn.
1037 4446 1063 4493 p.
1082 4430 1127 4490 158
1142 4446 1196 4495 sqq.
1235 4430 1286 4491 Sed
1306 4431 1378 4481 anxie
1397 4441 1538 4484 metuentes

888 4526 938 4576 (858)
