3262 5254
510 442 933 535 Κρονίδης-*Κύθηρα

93 611 213 678 Κρόνοςι
231 611 327 677 ιδμῶρε
343 617 375 664 σύ
391 616 432 664 καί
443 616 574 679 Κρονίων
590 617 649 674 dior
660 616 701 665 Ικαί
744 617 864 679 καφόντης
876 621 950 670 όλλος
960 621 1066 679 οίμιόζων
1076 624 1212 671 καθεδεῖται
1223 624 1340 686 Ach.841

92 692 255 753 βεκκεσέληνε
266 692 335 741 Nub.
353 693 400 755 398
743 694 767 742 h.
774 711 795 744 e.
810 697 931 746 auxilio
942 698 1106 748 destitutus
1117 701 1245 750 sedebit.
1263 702 1342 766 Apud

142 766 284 833 Κρονίδης,
309 770 468 834 Iuppiter:
496 764 556 819 ἀλλ’
579 768 599 819 ιδ
621 772 699 835 πότερ
743 772 909 823 Philetaerunr
926 783 951 824 et
969 776 1111 837 Anaxilam,
1128 778 1225 828 mediae
1243 794 1340 829 comoe-

92 844 196 906 ἡμέτερε
214 847 341 908 Κρονίδη
356 847 433 912 Vesp.
448 845 496 908 652
514 848 604 912 quibus
617 849 699 898 verbis
741 849 797 899 diae
807 859 902 916 poetas,
917 854 1015 917 saepius
1024 854 1143 903 Ctesias
1154 856 1255 919 quidam
1268 872 1341 920 prop·

92 923 229 987 Bdelycleo
246 928 339 989 tragice
356 926 492 990 alloquitur
509 933 605 990 patrem
622 927 697 991 respi·
741 934 778 977 ter
788 931 948 979 voracitatem
959 938 985 981 et
996 931 1155 995 gulositatem
1167 933 1260 982 ridetur

83 1001 160 1065 'ciens
171 1003 204 1051 ad
215 1003 457 1068 grandiloquentiam
468 1004 521 1052 eius
532 1019 555 1053 υ.
570 1003 619 1053 ὀνο
629 1020 694 1069 sqqa
788 1002 953 1072 Κπμιψᾶνε
976 1009 1006 1059 δς
1020 1009 1040 1056 δ’
1062 1010 1090 1057 δν
1109 1011 1183 1072 ἐκπίῃ
1205 1012 1341 1072 πρώτιστος

91 1080 167 1128 simul
186 1082 219 1130 ad
239 1082 414 1145 insipientiam,
436 1082 494 1131 vide
511 1099 530 1132 s.
540 1097 566 1131 n.
585 1080 696 1146 Κρόνον.
741 1081 793 1144 (τόν
813 1086 871 1146 χόα)
894 1087 969 1135 όσκδν
990 1087 1207 1150 Κτησιφῶντος
1226 1089 1340 1151 ’λήψεται

91 1158 132 1208 De
143 1159 233 1207 ultima
249 1158 345 1222 syllaba
361 1159 387 1206 in
403 1158 505 1220 ἡμέτερε
520 1167 579 1209 ante
593 1161 698 1220 Κρονίδη
740 1161 804 1210 Ach.
820 1176 896 1221 {0023
913 1163 956 1211 ubi
972 1164 1136 1215 Scholiastes:
1155 1166 1185 1216 dr
1202 1167 1282 1227 παχύς
1300 1168 1341 1215 καί

90 1234 216 1298 produdla
228 1236 344 1298 ὁμηρικῶς
354 1236 412 1285 vide
424 1237 527 1286 Porson.
539 1238 624 1301 Praef.
635 1239 695 1287 Hec.
740 1239 1070 1303 πραγιίστωρόΚτησιφῶν
1078 1245 1227 1292 σκιόπτεταιῖ
1248 1244 1341 1308 ‘Signi-

90 1328 116 1376 p.
130 1325 178 1362 Lvl
280 1344 281 1349 =
459 1348 467 1363 .
738 1315 852 1364 nificatur
869 1323 923 1365 uter
942 1319 1071 1379 maximus,
1091 1321 1214 1385 optimum
1230 1321 1339 1370 hominis

141 1390 289 1458 Κρονικόςι
305 1409 329 1442 ν.
340 1409 359 1442 s.
370 1408 394 1442 n.
406 1390 512 1457 Κρόνος
524 1392 560 1456 (α)

140 1467 313 1534 Romam:
330 1487 354 1519 v.
364 1487 384 1519 s.
393 1486 417 1520 n.
432 1468 539 1534 Κρόνος
551 1470 586 1534 (α)

141 1545 253 1613 Κρόνος,
268 1549 415 1598 Saturnus
427 1566 433 1597 ι
445 1549 479 1611 (ι)
491 1549 597 1598 honesto
608 1564 695 1609 sensu3

91 1623 112 1674 ὦ
129 1627 257 1689 Γεραίστιε
273 1629 321 1675 παῖ
335 1627 447 1687 Κρόνου
464 1626 511 1691 Eq.
526 1626 576 1688 560
588 1627 630 1691 (sc.
645 1629 696 1676 Πο-

89 1704 178 1767 σεῖδον)
188 1723 195 1763 ;
208 1706 271 1763 ὑμεῖς
281 1705 312 1767 (ol
320 1705 419 1768 όρνιθες)
427 1705 540 1768 πρότεροί
548 1723 576 1754 τε
583 1707 695 1767 Κρόνου

89 1785 130 1832 καί
148 1783 255 1831 Τιτάνων
269 1784 383 1844 ἐγένεσθε
399 1783 448 1832 Αν,
464 1781 527 1847 469;
544 1784 573 1843 ἣν
587 1784 695 1845 ἡγῶνται

89 1863 120 1911 od
138 1861 200 1921 θεόν,
217 1863 246 1909 σὲ
262 1861 381 1923 Κρόνον,
396 1862 425 1910 σὲ
441 1862 552 1910 Ποσειδῶ
568 1862 617 1910 Αν.
632 1861 693 1923 586:

90 1939 127 2002 (a)
146 1955 203 2008 cum
223 1938 435 1989 Saturnii'aevi
450 1940 564 1988 homines
580 1941 648 1989 stulti
668 1949 693 1989 et

88 2016 194 2066 hebetes
224 2017 299 2066 fuisse
327 2018 500 2078 credebantur,
534 2018 616 2081 ipsum
644 2019 692 2067 Sa·

88 2096 174 2142 turni
190 2109 282 2142 nomen
293 2110 344 2142 non
359 2095 412 2143 sine
423 2095 573 2145 contumelia
584 2097 692 2160 quadam

87 2172 255 2234 usurpabatur
276 2179 303 2220 ut
322 2188 374 2221 non
391 2172 471 2222 solum
494 2171 628 2221 senectutis
648 2174 691 2222 sed

89 2249 214 2298 maximae
236 2249 355 2299 stultitiae
377 2257 402 2299 et
425 2250 581 2314 insipientiae
600 2266 691 2300 nomen

89 2343 151 2391 prae
162 2343 189 2376 se
200 2328 281 2383 ferret.
295 2336 324 2377 ut
335 2331 361 2376 in
373 2328 442 2377 Nub.
456 2342 504 2393 929
522 2328 576 2388 ούχῖ
594 2330 693 2389 διδάξεις

87 2406 176 2453 τοῦτον
187 2406 284 2467 κρόνος
296 2403 336 2466 κόν,
350 2406 367 2453 i.
373 2421 393 2455 e.
408 2404 515 2467 είρχαῖος,
529 2406 690 2469 old-fashion·

86 2483 119 2531 ed
119 2498 132 2542 ;
149 2484 226 2548 Vesp.
242 2485 305 2546 1480
321 2485 375 2533 πούς
391 2484 529 2545 τραγῳδούς
545 2489 619 2544 φησιν
631 2486 690 2533 dao-

88 2562 173 2621 δείξειν
192 2561 310 2622 κρόνους
327 2562 381 2610 τούς
400 2562 454 2609 viv:
471 2561 555 2625 itaque
574 2562 600 2610 in
618 2562 686 2612 Nub.

88 2648 136 2703 397
155 2639 197 2702 qui
213 2641 291 2702 μῶρος
307 2645 332 2688 et
347 2640 526 2701 βεκκεσέληνος,
545 2639 613 2688 idem
630 2658 689 2703 κρο-

739 1391 859 1441 vinolenti
875 1395 1021 1456 praemium.
1057 1396 1181 1446 Homines
1192 1400 1297 1461 pingues
1314 1405 1338 1447 et

738 1473 797 1518 vino
808 1471 905 1520 deditos
917 1478 1000 1521 utres
1012 1473 1101 1522 Graeci
1115 1490 1204 1524 vocare
1215 1475 1334 1525 solebant.

739 1547 853 1611 Antipho
869 1564 909 1611 ap.
925 1549 1083 1598 Athenaeum
1097 1553 1333 1612 x1155a(Meiuek.

739 1637 772 1672 111
785 1626 823 1687 8):
842 1628 927 1675 τοῦτον
937 1629 977 1675 οἷν
987 1625 1019 1676 δι’
1032 1629 1188 1689 οίνοφλυγίαν
1202 1630 1242 1678 καί
1258 1631 1337 1691 πάχος

738 1705 781 1751 τοῦ
791 1704 902 1762 σώματος
913 1705 1003 1755 όσκδν
1019 1707 1120 1753 καλοῦσι
1132 1704 1220 1756 πάντες
1231 1707 1334 1768 οὑπιχώ-

736 1799 797 1841 ριοι;
817 1781 891 1830 Alex.
910 1797 950 1845 ap.
969 1782 1062 1831 Athen.
1076 1794 1106 1830 xt
1121 1794 1170 1845 470
1182 1795 1199 1831 Ε
1212 1785 1334 1844 (Meinek.

738 1858 842 1920 111417)
860 1859 923 1907 κατά
940 1875 968 1906 τε
983 1860 1030 1919 τὴν
1040 1861 1169 1920 παροιμίαν
1186 1860 1224 1909 tet
1239 1861 1298 1910 ποτ’
1311 1867 1337 1910 εδ

736 1937 781 1995 μέν
792 1937 879 1986 όσκδς
896 1937 922 1984 εδ
934 1937 960 1985 δὲ
971 1938 1073 1986 θύλακος
1085 1938 1207 1998 ἅνθρωπός
1219 1940 1278 2000 ἐστι,
1292 1941 1335 1993 nbi

736 2015 796 2064 utris
815 2014 1020 2064 commemoratio
1038 2014 1113 2064 etiam
1127 2016 1159 2064 ad
1176 2015 1336 2066 bibacitatem

736 2091 832 2157 spectat

785 2168 911 2236 Κιβέληε
935 2172 1049 2221 δέσποινα
1070 2172 1199 2235 Κυβέλη,
1225 2175 1333 2235 στροῦθε,

734 2250 812 2310 μῆτερ
822 2250 972 2311 Κλεοκρίτου
985 2250 1034 2299 Αυ.
1047 2251 1096 2312 877

784 2324 984 2393 Κυδαθηναιεύς,
995 2329 1043 2378 ort
1053 2330 1128 2388 δήμου
1136 2330 1179 2388 τῆς
1186 2330 1337 2381 Πανδιονίδος

736 2407 831 2466 φυλῆςι
865 2408 995 2470 ἐγράψατο
1023 2408 1084 2455 κύων
1115 2408 1336 2467 Κυδαθηναιεύς

735 2482 830 2546 Λάβητ’
839 2484 948 2543 Αἰξωνέα
959 2483 1035 2548 Vesp.
1050 2485 1111 2547 8953
1123 2486 1170 2532 παιῖ
1181 2486 1202 2533 δ’
1214 2485 1228 2533 δ
1238 2487 1334 2546 διώκων,

736 2562 991 2622 όΚυδαθηναιεύς
1013 2563 1089 2616 κύων,Ι
1117 2561 1152 2610 ib.
1177 2577 1232 2626 902.
1275 2565 1335 2614 Hoc

734 2640 835 2689 nomine
855 2639 1002 2693 Cleonem
1019 2641 1108 2698 notari,
1126 2654 1201 2702 quem
1221 2655 1251 2688 ex
1268 2657 1335 2706 pago

87 2717 153 2765 νίων
169 2717 228 2776 όζων
244 2717 348 2777 dicitur3
363 2723 388 2766 et
401 2717 466 2765 Plut.
482 2717 527 2777 581
541 2720 690 2777 κρονικαῖς
733 2716 777 2766 illo
789 2716 921 2766 oriundum
932 2716 1006 2769 foisse
1018 2723 1116 2766 constat
1125 2732 1154 2765 ex
1164 2717 1336 2768 Demosthene

88 2797 217 2855 (vetuste
235 2794 387 2843 obsoletis
407 2802 432 2843 et
448 2794 585 2857 stolidis)
602 2796 690 2855 λήμαις
734 2796 792 2854 πρός
811 2795 916 2843 Βοιωτόν
934 2811 959 2859 p.
980 2791 1049 2855 10r6,
1070 2795 1245 2844 animadvertit
1264 2797 1334 2846 scho-

87 2873 211 2931 λημῶντες
234 2873 279 2921 τδς
306 2874 394 2935 φρένας
421 2871 512 2921 dicitur
540 2871 572 2921 de
599 2875 689 2923 mentis
732 2871 812 2921 liasta
848 2872 920 2921 Cous.
936 2871 1026 2934 Bergk.
1045 2873 1136 2920 Comm.
1150 2888 1174 2936 p.
1190 2873 1221 2935 83
1231 2889 1267 2937 sq.

85 2949 238 3014 lippitudine
255 2950 295 2999 vel
311 2949 471 2998 hebetudine.
508 2948 578 2998 Hinc
595 2951 689 2999 comice
782 2945 929 3013 Καῖδοιμόςι
946 2950 972 2995 in
990 2950 1054 2996 Pace
1070 2948 1177 2998 famulus
1194 2949 1265 3009 Belli,
1286 2952 1334 3000 Πο-

85 3026 177 3077 fictum
192 3043 285 3076 nomen
302 3027 474 3088 Κρόνιππος
492 3025 561 3074 Nub.
578 3042 640 3089 1070
656 3029 689 3077 ad
733 3026 815 3087 λέμου,
829 3026 862 3074 ab
879 3026 941 3074 hero
954 3026 1068 3074 Athenas
1080 3033 1105 3074 et
1117 3025 1233 3090 Spartam
1245 3028 1334 3078 missus

85 3106 276 3155 similitudinem
291 3105 421 3153 nominum
439 3103 607 3165 Μελιίνιττος,
627 3104 689 3158 Edu-
733 3104 765 3152 ad
777 3103 898 3168 pistillum
909 3104 1052 3168 petendum,
1067 3119 1159 3153 vacuus
1170 3105 1240 3163 redit,
1254 3118 1335 3168 255—

86 3188 183 3234 θιπτος.
220 3183 292 3233 Cous.
306 3184 403 3231 Platon.
416 3183 564 3244 Euthydcm.
577 3200 602 3247 p.
617 3188 689 3245 287ss
734 3184 789 3243 284.
811 3182 924 3230 ‘Nomen
935 3181 1064 3246 proprium
1073 3189 1109 3230 est
1121 3188 1146 3236 et
1158 3182 1225 3246 apud
1238 3184 1334 3234 Home·

86 3262 163 3312 οὕτως
175 3262 320 3323 εῖκρόνοςι
338 3267 362 3310 et
374 3261 459 3310 vides.
469 3277 494 3309 n.
504 3257 625 3314 Ἰαπετός
733 3276 787 3308 rum
806 3259 835 3307 Il.
851 3257 876 3309 τ’
901 3271 948 3321 535
972 3266 996 3308 et
1018 3260 1044 3306 in
1064 3259 1152 3323 fragm.
1173 3261 1334 3323 Empedoclis

133 3335 293 3404 Κρόβυλοςι
303 3337 416 3398 Ἀμυνίας
424 3338 467 3386 ούκ
472 3339 520 3385 τῶν
529 3341 550 3386 Κ
556 3341 690 3401 ρωβύλαυ
732 3355 772 3403 ap.
784 3338 943 3388 Athenaeum
953 3351 1007 3387 x111
1015 3354 1039 3401 p.
1048 3351 1097 3400 510
1105 3350 1131 3387 1).
1150 3340 1228 3404 Apud
1238 3341 1334 3392 Home-

85 3418 164 3482 Vesp.
188 3415 250 3478 1267
273 3416 316 3465 ubi
337 3415 467 3478 Berglerus
493 3416 538 3464 ‘ex
561 3416 690 3480 Crobyli
733 3432 794 3475 rum,
810 3417 853 3480 qui
869 3416 1002 3480 praecipue
1015 3416 1064 3464 hac
1081 3431 1142 3465 voce
1159 3421 1243 3479 utitur,
1257 3422 1334 3467 etiam

84 3496 200 3560 posteris,
229 3495 300 3558 qnasi
326 3494 359 3543 de
386 3492 496 3541 homine.
531 3494 577 3543 Est
604 3502 687 3543 autem
731 3492 835 3541 verbum
853 3500 889 3541 est
907 3493 1030 3550 κυδοιμεῖν.
1067 3493 1127 3541 Huc
1143 3497 1250 3557 pertinet
1266 3497 1334 3559 quod

85 3575 239 3636 κρωβύλον
256 3572 354 3621 nodus
377 3586 494 3620 comae:
519 3578 544 3620 et
566 3572 688 3634 Amynias
733 3569 789 3618 Pac.
808 3584 869 3629 115²
882 3576 906 3618 et
918 3569 986 3617 Nub.
1000 3567 1047 3616 616
1059 3577 1096 3618 est
1108 3572 1336 3621 xuiocdondu=ouv·

85 3666 185 3701 comam
208 3648 350 3712 diligentius
372 3648 490 3709 curabat3
511 3648 570 3697 hinc
591 3665 614 3698 v.
640 3648 688 3711 464
731 3645 878 3708 ταράττειν.’
906 3645 1102 3693 RICHTERadl.

84 3729 144 3778 fecit
168 3742 257 3776 vocem
280 3725 472 3786 κομηταμυνίας.’
514 3726 688 3790 Hegesippum
780 3719 969 3785 Κυζικηνικόν
992 3723 1119 3784 βέβαπται
1140 3722 1226 3784 βόμμα
1248 3724 1333 3779 Κυζι-

84 3814 187 3872 poetam
199 3806 321 3856 cornicum
339 3805 476 3854 Aeschines
492 3820 538 3868 per
554 3804 688 3853 ludibrium
732 3800 850 3861 κηνικόν
868 3799 924 3848 Pac.
940 3796 1002 3858 1176
1019 3798 1051 3846 de
1065 3798 1136 3846 molli
1152 3804 1178 3846 et
1193 3799 1334 3848 effeminato

85 3884 213 3948 Crobyli
225 3884 327 3933 nomine
334 3883 478 3947 appellavit,
489 3886 558 3931 cuius
566 3882 688 3930 rationem
731 3879 840 3939 homine,
854 3877 898 3926 ubi
915 3876 1050 3926 scholiasta
1061 3876 1093 3924 είς
1109 3875 1223 3923 κιναιδίαν
1233 3876 1334 3936 διαβόλ-

84 3964 231 4014 scholiastes
241 3979 266 4028 p.
280 3976 326 4027 733
340 3963 401 4012 Rsk.
413 3962 479 4011 hanc
490 3962 605 4019 reddidit,
620 3961 688 4025 quod
731 3959 808 4015 λεπαι,
831 3957 895 4003 ὥστε
914 3955 976 4014 μηδὲ
998 3954 1047 4001 τιδν
1068 3953 1206 4013 ἀναγκαίων
1228 3953 1267 4000 διδ
1288 3953 1334 4010 τὴν

86 4044 248 4107 Hegesippus
265 4042 381 4101 ἠλείφετο
396 4041 441 4100 τὴν
457 4041 568 4100 κεφαλὴν
581 4040 621 4087 καί
637 4040 687 4099 έφι·
733 4036 849 4095 εύρύτητα
865 4034 961 4096 κρατεῖν
980 4031 1100 4079 δύνασθαιἼ
1125 4029 1155 4078 ὡς
1173 4030 1212 4077 καί
1228 4030 1334 4079 Κόπολις

85 4120 186 4169 λοκόλει
196 4122 241 4169 τὰς
251 4121 345 4181 τρίχας,
354 4118 448 4168 scilicet
458 4118 689 4179 όπότούκρωβύλου
733 4114 758 4161 έν
776 4113 882 4160 Πόλεσιν
903 4109 1024 4172 (Meinek.
1046 4109 1113 4156 Com.
1132 4118 1153 4153 11
1168 4122 1193 4169 p.
1211 4105 1276 4166 510).
1312 4108 1333 4155 οί

83 4206 197 4247 vetemm
210 4196 401 4245 Atheniensium
413 4196 444 4245 de
458 4210 509 4261 quo
521 4195 580 4243 satis
592 4198 688 4243 constat
732 4191 781 4253 Αρδρ
799 4188 989 4248 Κυζικηνικαί
1008 4185 1050 4233 έτί
1067 4183 1144 4243 δειλία
1160 4183 1201 4230 καί
1217 4184 1334 4244 θηλύτητι

83 4291 115 4323 ex
133 4274 283 4337 Thucydide
300 4274 356 4322 Lib.
370 4286 379 4321 1
392 4290 413 4323 c.
434 4271 457 4322 6.
491 4272 557 4321 Vide
575 4270 687 4320 Meinek.
733 4269 900 4328 έκωμιρδοῢντο

83 4353 128 4401 Fr.
141 4368 200 4400 com.
209 4367 251 4414 gr.
265 4363 274 4399 1
287 4366 312 4415 p.
327 4361 374 4412 475
781 4343 909 4409 Κόθηραι
928 4341 1069 4400 Κυθήρων
1081 4337 1199 4396 μεδέουσα
1211 4339 1270 4403 Lys.
1284 4341 1331 4405 833

132 4428 273 4493 Κτηιτίοςς
291 4428 411 4490 κδνείσίη
426 4445 462 4478 τις
478 4426 688 4487 Κτησίαςῆσυ-
733 4425 765 4473 de
777 4423 875 4472 Venere
1314 4440 1316 4447 v

684 4513 739 4572 μμ)
1059 4590 1062 4595 ᾗ
1202 4527 1233 4578 72
